2616 4492
214 285 257 350 84
541 300 589 349 na
610 300 728 349 annuo
750 299 905 351 emarco

216 441 315 506 sentia
336 439 429 502 animi
449 439 520 513 luit,
541 449 590 516 ut,
613 459 679 503 cum
701 441 811 522 ubique
825 441 949 504 flamma
961 447 1147 504 torrerentur
1160 457 1232 503 mo·¹

215 529 355 607 ximaque
387 526 513 589 telorum
545 527 735 590 multitudine
761 536 966 608 premerentur
991 545 1105 607 suaque
1128 528 1230 589 omnia

215 613 430 695 impedimenta
455 621 545 693 atque
574 632 676 674 omues
692 615 839 675 *fortunas
868 614 1050 694 conflagrare
1070 612 1230 694 intellege-

215 709 296 774 rent,
315 705 391 761 'riou
424 700 511 760 modo
545 698 730 779 demigrandi
762 719 853 760 causa
886 702 923 761 de
955 699 1037 761 vallo
1071 699 1230 761 decederet

186 805 318 859 anemo,
341 787 396 869 sed
416 803 511 864 paene
533 804 570 844 ne
591 784 753 864 respiceret
774 785 892 864 quidem
914 786 1087 866 quisquam,
1110 804 1147 846 ac
1165 794 1229 846 tum

216 891 318 935 omues
341 871 482 933 acerrime
503 871 722 950 fortissimeque
744 880 921 951 pugnarent.
958 873 1016 933 Hic
1037 871 1101 932 dies
1116 872 1229 933 nostris

215 959 304 1038 loug‘e
331 957 524 1037 gravissimus
545 957 616 1032 iuit3
644 959 698 1018 sed
720 966 822 1018 tomen
843 958 923 1019 hunc
942 957 1050 1019 habuit
1071 965 1228 1031 eventum,

215 1053 252 1107 ut
272 1063 308 1105 eo
328 1043 378 1104 die
404 1043 550 1104 maximus
577 1063 718 1104 numerus
742 1043 877 1104 -hostium
904 1043 1112 1105 vulneraretur
1138 1052 1230 1124 atque

215 1129 440 1202 interficeretur,
469 1137 505 1190 ut
530 1149 562 1190 se
585 1130 640 1191 sub
661 1129 727 1209 ipso
749 1129 830 1191 vallo
853 1130 1100 1211 constipaverant
1127 1149 1229 1191 reces-

173 1238 202 1278 ro
216 1235 340 1297 sumque
360 1214 465 1295 primis
487 1215 584 1277 ultimi
606 1234 666 1276 nou
689 1217 811 1277 dabant.
839 1216 970 1279 Paulum
993 1216 1112 1297 quidem
1132 1215 1230 1277 inter·

215 1302 309 1383 missa
328 1301 451 1362 flamma
472 1310 502 1363 et
520 1303 652 1381 'quodam
674 1301 738 1364 loco
761 1303 836 1364 turri
855 1304 965 1364 adacta
987 1312 1019 1364 et
1039 1301 1231 1382 contingente

215 1388 329 1451 vallum
361 1387 468 1449 tertiae
495 1388 625 1449 cohortis
647 1388 834 1468 centuriones
857 1407 895 1451 ex
916 1408 967 1464 eo,
1002 1407 1060 1470 quo
1087 1389 1228 1463 stabant,

214 1476 279 1538 loco
311 1482 498 1536 recesserunt
524 1492 653 1554 suosque
680 1492 784 1535 omnes
806 1483 1010 1549 removerunt,
1044 1483 1118 1536 nutu
1145 1474 1229 1536 voci-

214 1563 330 1642 busque
351 1561 471 1634 hostes,
495 1559 522 1620 si
541 1559 665 1620 introire
680 1559 806 1633 vellent,
829 1579 938 1622 vocare
952 1569 1130 1640 coeperunt;
1152 1580 1230 1641 quo-

172 1660 200 1699 ¹³
215 1667 281 1711 rum
302 1646 441 1729 progredi
463 1665 555 1708 ausus
576 1654 625 1706 est
645 1664 741 1707 nemo.
785 1644 863 1707 Tum
885 1665 923 1708 ex
944 1646 1025 1709 omui
1045 1655 1132 1726 parte
1146 1646 1230 1727 lapi-

215 1735 302 1797 dibus
325 1733 464 1795 coniectis
488 1731 651 1806 deturbati,
675 1731 824 1812 turrisque
847 1751 992 1794 succensa
1013 1741 1069 1794 est

171 1824 207 1873 44
277 1820 375 1882 Erant
395 1819 426 1880 iu
449 1838 486 1880 ea
505 1818 619 1899 legione
638 1817 793 1880 fortissimi
803 1818 862 1879 viri
874 1819 1072 1892 centuriones,
1097 1816 1147 1898 qui
1162 1817 1228 1896 pri-

213 1908 270 1969 mis
285 1907 346 1968 iam
360 1905 513 1966 ordinibus
529 1904 811 1985 adpropinquarent,
835 1904 871 1965 Τ.
882 1904 970 1967 Pulio
985 1914 1016 1966 et
1028 1904 1064 1965 L.
1076 1902 1229 1966 Vorenus.

213 1993 255 2055 Hi
287 1999 447 2071 perpetuas
479 1990 558 2052 inter
591 2010 624 2052 se
656 1990 875 2052 controversias
902 1990 1071 2064 habebant,
1105 1989 1230 2070 quinam

170 2100 200 2138 ιο
214 2079 421 2150 anteferretur,
444 2077 638 2156 omnibusque
660 2077 747 2138 annis
771 2078 806 2138 de
829 2076 901 2138 locis
923 2077 1047 2138 summis
1062 2075 1229 2137 simultati-

79 2155 82 2167 '
213 2164 270 2225 bus
296 2163 526 2225 contendebant.
570 2162 619 2224 Ex
639 2162 687 2223 his
709 2161 812 2235 Pulio,
840 2182 906 2224 cum
934 2162 1077 2224 acerrime
1099 2162 1138 2223 ad
1160 2180 1229 2223 mu-

213 2249 342 2311 nitiones
369 2256 560 2329 pugnaretur,
595 2245 677 2317 Quid
704 2249 840 2321 dubitas,
868 2249 980 2329 inquit,
1007 2246 1148 2310 Vorene?
1176 2255 1232 2309 aut

214 2355 302 2417 quem
333 2336 429 2397 locum
462 2344 533 2395 tuae
559 2352 613 2414 pro
640 2334 730 2395 laude
756 2334 878 2396 virtutis
901 2333 1040 2415 spectas?
1081 2333 1142 2396 Hic
1164 2333 1231 2395 dies

214 2425 251 2484 de
283 2421 394 2485 uostris
427 2419 638 2482 controversiis
670 2419 823 2482 iudicabit.
868 2421 952 2482 Haeo
983 2439 1050 2483 cum
1083 2418 1228 2493 dixisset,

170 2531 198 2569 aa
213 2508 348 2589 procedit
375 2514 461 2569 extra
487 2506 666 2568 munitiones
694 2525 827 2586 quaeque
854 2526 926 2587 pare
952 2506 1083 2568 hostium
1110 2507 1230 2567 conier-

214 2593 333 2655 tissima
355 2603 402 2655 est
422 2593 504 2666 visa,
527 2592 677 2672 inrumpit
710 2593 758 2655 Ne
775 2593 916 2654 Vorenus
930 2594 1050 2673 quidem
1065 2612 1133 2654 sese
1146 2592 1229 2653 vallo

214 2679 359 2752 continet,
387 2680 440 2741 sed
463 2677 593 2740 omnium
614 2678 728 2740 veritus
752 2679 1002 2740 existimationem
1025 2678 1228 2759 subsequitur.

214 2766 292 2827 'l'um
324 2765 465 2826 mediocri
498 2765 597 2844 spatio
624 2765 727 2827 relicto
755 2765 842 2844 Pulio
868 2765 962 2845 pilum
989 2765 1021 2826 in
1042 2765 1145 2827 hostes
1167 2765 1228 2826 im-

215 2852 308 2913 mittit
339 2860 429 2933 etque
460 2871 550 2912 uuum
579 2871 616 2912 ex
642 2849 831 2913 multitudiue
856 2860 1078 2931 procurrentem
1101 2851 1227 2924 traiicit3

170 2960 199 2998 so
214 2957 272 3018 quo
293 2956 433 3017 percusso
456 2946 488 2999 et
508 2937 679 2999 exanimato
691 2939 780 2998 bunc
802 2938 894 2999 scutis
915 2945 1092 3017 protegunt,
1115 2937 1147 2998 in
1168 2936 1231 2998 hc·

214 3033 291 3086 stem
318 3023 380 3086 tela
406 3024 538 3085 universi
565 3023 726 3085 coniiciuut
753 3043 847 3103 neque
876 3026 948 3085 dant
971 3022 1158 3104 regrediendi
1179 3024 1230 3084 la-
1297 3060 1301 3067 ·

213 3110 364 3173 cultatem.
400 3109 601 3190 Transfigitur
624 3119 738 3172 scutum
760 3109 882 3173 Pulioni
905 3119 935 3171 et
956 3119 1094 3170 verutum
1108 3109 1139 3170 in
1156 3108 1227 3170 bal-

212 3207 262 3264 teo
284 3196 429 3277 defigitur.
474 3195 599 3258 Avertit
618 3195 668 3257 hic
689 3216 777 3257 casus
798 3196 939 3276 vaginam
960 3206 990 3256 et
1005 3196 1136 3276 gladium
1151 3196 1228 3256 edu-

213 3303 279 3345 cere
302 3283 422 3344 oouanti
445 3284 580 3344 dextram
603 3295 736 3344 moratur
756 3277 893 3355 manum,
916 3282 1148 3362 impeditumque
1169 3280 1230 3342 hc-

169 3392 197 3432 ιι
212 3378 283 3431 stes·
307 3369 536 3431 circumsistunt.
593 3367 746 3431 Succurrit
776 3367 913 3429 inimicus
946 3368 990 3429 illi
1022 3368 1163 3429 Vorenus
1198 3375 1228 3428 et

212 3456 364 3518 laboranti
387 3455 535 3517 subvenit.
569 3455 622 3516 Ad
644 3456 721 3517 huno
743 3473 776 3515 se
798 3453 954 3515 confestim
977 3473 997 3515 a
1018 3454 1145 3516 Pullone
1160 3473 1228 3515 om-

212 3542 260 3603 nis
292 3541 450 3602 multitudo
483 3541 647 3614 convertit3
680 3541 763 3602 illum
797 3558 866 3600 vero
899 3540 1062 3620 opinantur
1088 3539 1227 3601 coebum.

212 3627 321 3689 Gladio
343 3627 504 3689 comminus
527 3646 590 3689 rem
612 3625 689 3706 gerit
710 3626 849 3687 Vorenus
876 3634 965 3706 atque
987 3646 1047 3689 uuo
1070 3627 1226 3688 interiecto

212 3712 342 3793 reliquos
364 3713 485 3793 paulum
508 3712 663 3792 propellit3
686 3713 757 3772 dum
778 3711 913 3791 cupidius
935 3713 1046 3786 instat,
1074 3713 1106 3774 in
1128 3712 1227 3773 locum

168 3823 197 3862 so
213 3799 342 3861 deiectus
369 3800 540 3862 inferiorem
561 3797 676 3860 occidit.
720 3798 798 3858 Huic
819 3817 922 3860 rursus
945 3799 1146 3861 circumvento
1168 3799 1241 3859 tert

212 3885 377 3946 subsidium
404 3885 508 3960 Pulio,
536 3893 627 3964 atque
654 3885 741 3945 ambo
764 3883 928 3947 incolumes
951 3885 1153 3967 compluribus
1175 3884 1226 3946 in-

210 3971 341 4032 teriectis
374 3989 490 4032 summa
521 3989 587 4032 cum
620 3969 709 4032 laude
742 3990 809 4032 sese
836 3971 918 4035 iutra
944 3972 1125 4034 munitiones
1147 3971 1228 4032 reci-
