2616 4492
226 286 249 351 6
550 304 598 350 nn
620 304 737 352 annno
761 304 916 354 GALLico

227 439 300 523 gllia
332 459 399 506 cum
431 439 597 524 legionibus
624 441 721 505 tribus
749 461 766 502 e
793 442 901 505 castris
928 442 1080 524 proiectus
1109 445 1150 507 ad
1176 464 1246 508 eam

226 535 344 608 partem
375 528 529 609 peruenit,
561 546 639 609 quae
666 529 797 590 nondum
824 528 935 591 flumen
962 530 1137 592 transierat.
1181 531 1246 596 Eos

226 613 386 695 impeditos
419 623 450 676 et
476 614 668 695 inopinantes
695 615 856 695 adgressus
883 634 1023 695 magnam
1047 624 1167 697 partem
1189 637 1247 680 eo-

227 719 293 763 rum
315 700 460 763 concidit:
483 700 590 781 reliqui
612 719 679 763 sese
699 702 787 780 ingae
808 702 991 763 mandarunt
1012 711 1103 781 atque
1125 703 1157 764 in
1171 722 1248 783 pro-

199 787 326 850 aximas
354 786 449 849 silvas
477 787 663 850 abdiderunt.
707 786 738 848 Is
766 805 862 868 pagus
889 786 1100 868 appellabatur
1121 790 1249 870 Tiguri-

229 889 304 948 nus;
326 892 398 934 nam
421 873 517 935 omnis
539 873 647 936 civitas
668 873 813 935 Helvetia
833 874 866 935 in
881 883 1023 953 quattuor
1036 893 1130 955 pagos
1146 876 1250 939 divisa

229 967 285 1022 est.
328 959 389 1021 Hic
409 954 503 1040 pagus
531 978 609 1021 unus
636 979 703 1021 cum
730 960 818 1021 domo
847 959 960 1021 exisset
980 969 1102 1040 patrum
1123 972 1249 1024 nostro-

229 1064 296 1108 rum
328 1045 472 1107 memoria
497 1045 533 1107 L.
556 1045 695 1108 Cassium
721 1045 873 1108 consulem
899 1046 1093 1108 interiecerat
1124 1057 1155 1110 et
1181 1049 1248 1111 eius

230 1131 391 1194 exercitum
424 1133 480 1194 sub
511 1132 613 1213 iugum
640 1131 774 1194 miserat
823 1131 873 1194 Ita
899 1133 963 1194 sive
989 1151 1062 1194 casu
1088 1134 1152 1195 sive
1173 1154 1250 1199 con-

186 1216 297 1281 resilio
331 1219 454 1281 deorum
486 1216 699 1280 immortalium
727 1236 803 1298 quae
830 1237 903 1298 pars
930 1218 1062 1280 civitatis
1087 1220 1249 1284 Helvetiae

228 1303 378 1385 insignem
400 1304 602 1366 calamitatem
623 1304 734 1385 populo
756 1304 893 1367 Romano
914 1304 1074 1378 intulerat,
1100 1326 1137 1368 ea
1157 1308 1247 1386 prin-

230 1409 300 1470 ceps
333 1409 447 1471 poenas
480 1391 636 1471 persolvit.
691 1388 761 1460 Qua
792 1390 823 1452 in
837 1404 841 1453 l
856 1410 889 1453 re
921 1390 1034 1453 Caesar
1060 1410 1122 1454 non
1148 1393 1249 1456 solum

228 1475 380 1558 publicas,
403 1478 457 1539 sed
479 1477 570 1539 etiam
591 1476 728 1557 privatas
749 1474 875 1538 iniurias
896 1476 978 1539 ultus
1001 1485 1063 1552 est,
1087 1481 1166 1559 quod
1181 1479 1248 1542 eius

229 1562 324 1625 soceri
355 1562 392 1626 L.
412 1563 535 1626 Pisonis
562 1583 668 1636 avum,
700 1563 736 1625 L.
756 1563 900 1625 Pisonem
927 1563 1074 1644 legatum,
1109 1565 1249 1648 Tigurini

185 1673 213 1715 rc
229 1650 333 1712 eodem
354 1649 482 1730 proelio,
505 1669 564 1732 quo
587 1649 741 1723 Cassium,
763 1648 985 1717 interfecerant.

189 1740 221 1792 13
292 1737 361 1799 Hoc
380 1735 494 1817 proelio
517 1737 595 1798 iacto
618 1736 750 1815 reliquas
773 1736 874 1816 copias
895 1734 1103 1798 Helvetiorum
1124 1742 1160 1796 ut
1173 1751 1249 1796 oon-

229 1822 313 1903 sequi
334 1831 453 1903 posset,
476 1832 599 1903 pontem
620 1823 652 1883 in
673 1822 774 1884 Arare
796 1823 963 1884 iaciendum
984 1829 1071 1883 curat
1092 1828 1183 1900 atque
1203 1821 1251 1884 ita

119 1940 121 1944 r
231 1908 394 1971 exercitum
416 1909 557 1971 traducit.
600 1908 733 1971 Helvetii
756 1909 920 1988 repentino⁴
934 1908 997 1970 eius
1018 1909 1151 1969 adventu
1165 1925 1251 1969 com-

229 1995 320 2068 moti,
353 1994 493 2069 numid,
527 1995 607 2074 quod
633 1995 692 2075 ipsi
719 1994 956 2076 diebusviginti
984 1993 1146 2074 aegerrime
1172 2012 1250 2056 con-

186 2081 379 2154 refecerant,
408 2088 444 2142 ut
465 2080 576 2142 flumen
597 2081 778 2153 transirent,
811 2080 896 2142 illum
917 2100 978 2143 uno
1001 2079 1048 2142 die
1069 2079 1177 2142 iecisse
1199 2079 1251 2143 in-

230 2167 421 2247 tellegerent,
443 2165 560 2246 legatos
583 2169 622 2229 ad
644 2186 712 2228 eum
732 2168 872 2241 mittunt;
900 2167 982 2230 cuius
1008 2165 1167 2246 legationis
1188 2166 1251 2228 Di-

230 2253 298 2315 vico
330 2253 468 2333 princeps
500 2253 571 2326 init,
606 2252 658 2332 qui
684 2252 761 2315 bello
784 2252 932 2316 Cassiano
955 2255 1016 2315 dux
1038 2252 1250 2316 Helvetiomm

229 2340 335 2402 iuerat.
379 2338 411 2401 Is
438 2339 482 2401 ita
504 2359 572 2401 cum
594 2339 725 2402 Caesare
747 2340 820 2421 egit:
849 2339 885 2403 Si
905 2359 1010 2421 pacem
1031 2338 1159 2418 populus
1181 2338 1250 2402 Ro-

230 2445 339 2488 manus
368 2444 436 2488 eum
462 2424 611 2488 Helvetiis
639 2428 767 2502 iaceret,
800 2427 832 2488 in
854 2445 921 2487 eam
942 2425 1175 2506 partemituros
1197 2434 1251 2487 at-

187 2535 215 2575 as
231 2531 288 2592 que
309 2511 352 2574 ibi
372 2513 488 2573 futuros
510 2512 682 2588 Helvetios,
704 2513 756 2574 ubi
778 2532 829 2574 eos
851 2512 964 2575 Caesar
979 2511 1184 2573 constituisset
1197 2521 1250 2573 at-

231 2618 289 2680 que
317 2617 384 2661 esse
410 2598 571 2673 voluisset;
605 2599 652 2660 sin
678 2598 757 2661 bello
785 2599 924 2679 persequi
945 2606 1162 2678 perseveraret,
1197 2617 1251 2661 re-

230 2684 437 2747 minisceretm
458 2694 489 2747 et
509 2685 622 2747 veteris
643 2685 823 2747 incommodi
848 2685 951 2766 populi
978 2683 1110 2747 Romani
1132 2692 1162 2745 et
1183 2684 1251 2764 pri-

230 2771 329 2834 stinae
355 2771 477 2834 virtutis
504 2771 724 2834 Helvetiorum.
768 2769 858 2841 Quod
884 2771 1047 2852 improviso
1074 2788 1166 2833 unum
1188 2789 1251 2851 pa·

230 2877 299 2939 gum
323 2858 447 2920 adortus
469 2867 565 2931 esset,
599 2878 665 2920 oum
686 2858 722 2931 ii,
751 2859 803 2939 qui
823 2859 936 2921 flumen
957 2856 1150 2931 transissent,
1184 2857 1251 2921 suis

186 2967 216 3008 ao
230 2943 374 3006 auxilium
406 2945 483 3005 ierre
516 2963 576 3005 non
608 2953 748 3025 possent,
781 2965 819 3008 ne
847 2945 885 3008 ob
912 2963 980 3006 eam
1007 2961 1072 3005 rem
1099 2951 1153 3005 aut
1173 2962 1250 3006 suaa

230 3048 411 3113 magnopere
432 3029 536 3092 uirtuti
558 3030 719 3106 tribueret,
741 3039 794 3093 aut
815 3032 898 3111 ipsos
921 3029 1095 3110 despiceret.
1139 3026 1181 3092 Se
1202 3028 1251 3092 ita

230 3136 251 3180 a
275 3117 413 3198 patribus
440 3116 663 3198 maioribusque
690 3118 753 3180 suis
781 3117 937 3189 didicisse,
963 3125 997 3178 ut
1017 3115 1113 3196 magis
1134 3115 1250 3178 virtute

230 3223 320 3284 quam
353 3202 421 3265 dolo
455 3204 667 3267 contenderent
693 3212 748 3267 aut
774 3203 892 3266 insidiis
919 3203 1093 3264 niterentur.
1144 3199 1251 3271 Quare

229 3311 267 3353 ne
290 3289 510 3366 committeret,
538 3298 573 3353 ut
597 3290 625 3355 is
651 3291 748 3366 locus,
777 3290 830 3352 ubi
852 3289 1073 3361 constitissent,
1100 3306 1139 3349 ex
1160 3288 1250 3351 cala-

186 3377 335 3441 comitate
367 3377 470 3456 populi
501 3376 632 3441 Romani
663 3385 695 3440 et
726 3375 929 3438 internecione
956 3375 1104 3438 exercitus
1137 3394 1252 3438 nomen

187 3469 222 3520 14
229 3472 349 3544 caperet
370 3471 424 3524 aut
444 3463 620 3527 memoriam
640 3465 790 3545 proderet.
834 3461 900 3523 His.
915 3462 1030 3524 Caesar
1050 3463 1095 3523 ita
1116 3480 1248 3540 respon-

230 3550 288 3612 dit:
311 3550 358 3612 Eo
381 3548 440 3611 sibi
461 3550 559 3612 minus
581 3548 779 3613 dubitationis
802 3548 883 3621 dari,
906 3550 986 3629 quod
1008 3569 1061 3610 eas
1084 3568 1148 3622 res,
1172 3567 1252 3628 quas

229 3635 322 3717 legati
342 3635 474 3698 Helvetii
496 3643 796 3710 commemorassent,
824 3636 969 3698 memoria
990 3644 1123 3708 teneret,
1156 3643 1252 3714 atque

231 3740 265 3784 eo
289 3723 409 3803 gavina
435 3725 528 3798 ierne,
562 3742 621 3804 quo
644 3721 742 3783 minus
764 3722 871 3784 merito
892 3723 994 3803 populi
1016 3721 1146 3784 Romani
1168 3722 1253 3784 acci-

188 3833 217 3872 so
232 3807 359 3870 dissent:
384 3808 482 3888 quisi
505 3809 628 3873 alienius
650 3808 776 3870 iniuriae
799 3809 857 3870 sibi
879 3810 1014 3870 conscius
1036 3809 1159 3883 fuisset,
1186 3828 1251 3872 non

229 3894 322 3957 inisse
344 3894 462 3958 diilioile
484 3914 607 3971 cavere3
630 3896 740 3957 sedeo
765 3896 938 3976 deceptum,
961 3896 1041 3975 quod
1055 3914 1150 3974 nequa
1164 3915 1251 3957 com-

228 3981 353 4044 missum
375 4001 394 4042 a
415 4002 448 4046 se
471 3982 677 4064 intellegeret,
699 4002 792 4063 quare
810 3983 945 4055 timeret,
967 4000 1064 4061 nequa
1078 3981 1143 4043 sine
1156 4000 1254 4046 causa
