2616 4492
155 240 177 302 2
443 306 446 313 ,
479 255 528 302 nn
549 254 668 304 annuo
691 255 846 306 omuino

153 403 256 459 monte
281 394 353 457 Iura
379 392 542 470 altissimo,
576 395 628 476 qni
652 403 701 458 est
721 395 800 458 inter
821 393 980 476 Sequanos
1002 405 1034 460 et
1054 396 1174 461 Helve-

154 481 230 555 tios3
253 481 343 542 tertia
363 479 431 542 lacu
452 480 609 543 Lemanno
631 489 662 541 et
682 481 804 542 flumine
825 481 990 556 Rhodano,
1025 484 1076 563 qui
1097 503 1173 564 pro-

153 567 282 630 vinciam
304 576 439 628 nostram
467 567 505 627 ab
533 566 681 628 Helvetiis
710 567 824 628 dividit.
869 568 927 629 His
950 570 1040 631 rebus
1062 571 1171 646 fiebat,

148 663 187 716 ut
208 664 238 716 et
259 653 357 715 miuus
381 653 442 713 late
463 661 645 732 vagarentur
667 661 698 714 et
719 653 816 715 miuus
838 653 926 714 facile
947 655 1082 717 finitimis
1102 657 1172 717 bel-

123 741 215 802 alum
241 739 348 802 inferre
374 746 514 818 posseut;
549 759 610 819 qua
636 757 674 801 ex
694 748 781 818 parte
801 739 937 801 homines
959 741 1093 804 bellandi
1115 763 1171 804 cu-

153 827 216 908 pidi
242 845 350 907 magno
373 825 475 887 dolore
498 825 722 887 adliciebantur.
766 825 1041 889 Promultitudine
1068 837 1170 891 autem

152 912 306 975 homiuum
328 919 359 974 et
379 930 434 991 pro
457 912 552 992 gloria
573 910 645 973 belli
666 919 757 991 atque
773 910 958 974 fortitudinis
975 924 1119 994 angustos
1135 935 1170 976 se

153 999 229 1061 lines
250 999 362 1061 habere
383 998 615 1070 arbitrabantur,
639 997 690 1076 qui
711 997 743 1058 in
763 996 981 1078 longitudinem
995 1000 1080 1062 milia
1093 1020 1170 1081 pas-

73 1148 75 1152 ,
123 1101 240 1159 esuum
262 1099 370 1159 coxa,
392 1084 425 1146 in
446 1084 634 1145 latitudinem
657 1097 783 1144 caxxx
804 1085 960 1164 patebant.

126 1171 144 1225 ὃ
216 1171 274 1234 His
305 1172 394 1233 rebus
427 1169 548 1232 adducti
575 1177 606 1231 et
632 1169 811 1231 auctoritate
834 1169 1018 1252 Orgetorigis
1039 1171 1169 1251 permoti

152 1258 369 1320 constituerunt
390 1275 441 1331 ea,
465 1275 541 1337 quae
555 1257 595 1317 ad
608 1256 853 1335 proficiscendum
867 1257 1061 1337 pertinerent,
1084 1277 1169 1319 oom-

151 1362 274 1425 parare,
296 1343 496 1405 iumentorum
516 1351 546 1403 et
560 1361 712 1404 carrorum
726 1361 817 1422 quarn
832 1342 995 1405 maximum
1010 1362 1168 1405 numerum

150 1436 301 1504 codmere,
334 1438 484 1501 sementes
512 1447 603 1507 quam
630 1429 778 1490 maximas
799 1430 912 1503 facere,
945 1439 979 1491 ut
1006 1429 1038 1490 in
1059 1429 1167 1491 itinere

48 1586 51 1592 ,
117 1519 120 1525 ’
150 1516 238 1597 copia
257 1514 398 1588 frumeuti
419 1521 606 1594 suppeteret,
629 1531 695 1575 cum
714 1515 859 1594 proximis
874 1515 1045 1577 civitatibus
1059 1535 1167 1596 pacem

107 1621 134 1661 tn
150 1611 181 1664 et
212 1597 373 1665 amicitiam
405 1601 589 1663 confirmare.
638 1598 691 1662 Ad
713 1619 764 1661 eas
786 1620 834 1662 res
857 1602 1054 1663 conficiendas
1076 1602 1166 1663 bieu-

148 1689 231 1751 nium
263 1688 322 1750 sibi
354 1687 430 1749 satis
463 1704 530 1748 esse
556 1687 720 1760 duxerunt;
752 1687 784 1748 in
811 1688 932 1749 tertium
959 1706 1071 1749 annum
1092 1707 1166 1768 pro-

147 1776 305 1838 fectionem
337 1772 403 1855 lege
430 1773 615 1834 confirmant.
660 1771 820 1854 Orgetorix
842 1773 900 1835 sibi
921 1773 1101 1854 legationem
1124 1775 1165 1836 ad

148 1861 287 1923 civitates
310 1860 449 1940 suscepit.
492 1859 530 1919 In
551 1878 586 1921 eo
608 1857 715 1920 itinere
728 1861 892 1939 persuadet
907 1858 1042 1935 Castico,
1067 1859 1164 1922 Cata-

146 1946 344 2009 mantaloedis
365 1946 442 2020 tilio,
456 1943 622 2025 Sequano,
646 1945 728 2006 cuius
750 1954 838 2024 pater
859 1964 981 2026 regnum
996 1946 1028 2007 in
1044 1944 1164 2026 Sequa-

103 2053 133 2093 ao
147 2032 194 2095 uis
227 2032 347 2112 multos¹
365 2051 460 2093 annos
489 2031 659 2092 obtinuerat
686 2039 716 2092 et
737 2050 757 2092 a
778 2039 887 2093 senatu
907 2032 1010 2112 populi
1031 2032 1165 2095 Romani

147 2118 260 2182 amicus
282 2118 452 2199 appellatus
475 2125 555 2192 erat,
589 2125 623 2178 ut
648 2136 771 2198 reguum
797 2117 974 2180 incivitate
997 2138 1052 2180 sua
1074 2138 1163 2182 oocu-

145 2215 247 2286 paret,
271 2206 351 2284 quod
372 2212 459 2284 pater
480 2213 552 2265 ante
572 2203 735 2278 habuerat3
756 2203 887 2283 itemque
901 2205 1078 2286 Dumnorigi
1092 2204 1161 2267 Ae-

145 2293 220 2365 duo,
241 2290 328 2352 fratri
348 2289 506 2362 Divitiaoi,
529 2289 580 2370 qui
603 2309 637 2353 eo
659 2299 793 2370 tempore
814 2289 1016 2371 principatum
1037 2291 1069 2352 in
1084 2290 1161 2353 civi-

142 2385 208 2440 tate
241 2376 396 2439 obtinebat
427 2395 463 2437 ao
489 2377 618 2437 maxime
639 2377 721 2457 plebi
742 2383 882 2455 aceeptus
905 2385 985 2451 erat,
1018 2385 1054 2437 ut
1079 2377 1161 2440 idem

100 2482 129 2521 aa
145 2470 311 2536 conaretur,
343 2464 506 2543 persuadet
538 2463 623 2542 eique
655 2462 748 2524 filiam
775 2482 863 2524 suam
883 2461 915 2524 in
937 2462 1160 2525 matrimonium

144 2551 205 2613 dat.
249 2549 397 2612 Perfacile
429 2549 511 2610 iactu
542 2567 608 2610 esse
640 2548 700 2609 illis
731 2549 841 2627 probat
868 2556 978 2611 conata
1002 2549 1159 2629 perficere,

142 2634 302 2716 propterea
334 2636 414 2716 quod
445 2634 511 2714 ipse
539 2653 611 2696 suae
639 2634 770 2695 civitatis
797 2635 956 2714 imperium
982 2636 1159 2697 obtenturus

143 2731 238 2784 esset:
272 2741 333 2783 non
366 2740 433 2782 esse
465 2719 601 2792 dubium,
635 2720 706 2800 quin
733 2719 826 2782 totius
855 2719 974 2782 Galliae
995 2721 1159 2800 plurimum

141 2807 275 2869 Helvetii
297 2815 436 2887 possent3
460 2825 493 2867 se
514 2805 576 2866 suis
598 2805 690 2883 copiis
711 2824 823 2884 suoque
844 2806 974 2868 exercitu
988 2806 1049 2867 illis
1064 2826 1159 2886 regua

98 2913 128 2953 oo
142 2893 366 2956 conciliaturum
399 2893 563 2953 confirmat.
606 2892 673 2952 Hac
706 2892 841 2954 oratione
874 2892 994 2953 adducti
1020 2892 1101 2953 iuter
1123 2913 1157 2955 se

141 2977 234 3042 'fidem'
264 2987 294 3052 et
324 2979 529 3042 iusiurandum
562 2979 636 3038 dant
668 2986 699 3061 et
726 2995 815 3057 reguo
844 2986 987 3058 occupato
1014 2997 1068 3057 per
1094 2986 1158 3042 tres

139 3065 366 3146 potentissimos
399 3084 434 3126 ac
466 3063 650 3126 firmissimos
677 3063 804 3144 populos
831 3064 925 3126 totius
948 3063 1067 3126 Galliae
1088 3085 1158 3126 sese

139 3153 229 3234 potiri
249 3171 339 3233 posse
362 3159 494 3232 sperant.
514 3195 518 3202 .
730 3155 733 3161 ’

112 3242 132 3291 4
202 3240 251 3302 Ea
272 3258 321 3300 res
345 3246 392 3299 est
413 3235 560 3298 Helvetiis
581 3255 635 3316 per
655 3235 797 3298 iudicium
820 3236 984 3298 enuntiata.
1017 3236 1156 3298 Moribus

96 3344 124 3384 aa
139 3327 208 3389 suis
235 3324 440 3406 Orgetorigem
473 3342 511 3384 ex
541 3322 667 3384 vinculis
701 3341 822 3384 causam
856 3322 953 3383 dicere
985 3328 1155 3402 co'e'geruut.

138 3413 323 3475 Damnatum
354 3429 482 3491 poenam
516 3409 599 3488 sequi
626 3409 799 3488 oportebat,
827 3416 862 3468 ut
882 3408 943 3488 igni
965 3417 1155 3471 cremaretur.

137 3498 196 3562 Die
210 3491 374 3562 constituta
389 3514 497 3558 causae
512 3494 649 3556 dictionis
665 3493 823 3574 Orgetorix
834 3495 873 3555 ad
884 3494 1024 3558 iudicium
1036 3513 1155 3558 omnem

138 3604 223 3648 suam
245 3584 406 3656 familiam,
430 3584 470 3647 ad
490 3581 644 3642 hominum
666 3580 749 3641 milia
771 3581 885 3655 decem,
909 3582 1039 3662 undique
1055 3581 1155 3661 coegit

138 3680 169 3733 et
201 3691 303 3733 omnes
337 3671 458 3732 clientes
492 3669 710 3754 obaeratosque
738 3685 824 3739 suos,
857 3687 984 3748 quorum
1011 3667 1154 3748 magnum

92 3775 122 3814 eo
136 3762 289 3818 numerum
310 3756 458 3829 habebat,
487 3753 591 3815 eodem
614 3751 770 3826 conduxit;
797 3772 850 3832 per
873 3773 939 3830 eos,
967 3773 1005 3815 ne
1027 3773 1151 3816 causam

135 3843 260 3917 diceret,
285 3861 317 3903 se
340 3841 455 3922 eripuit.
499 3839 575 3901 Cum
597 3838 704 3900 civitas
727 3839 765 3899 ob
788 3858 854 3901 eam
876 3859 940 3903 rem
958 3840 1084 3902 incitata
1098 3859 1152 3900 ar-

135 3929 192 3992 mis
213 3930 261 3992 ius
283 3946 369 3990 suum
392 3926 515 4007 exsequi
532 3933 690 3989 conaretur
704 3924 980 4008 multitudinemque
995 3925 1153 3989 hominum
