2616 4492
256 253 307 297 xil

319 394 368 446 His
400 391 591 461 praemonitis,
625 393 720 446 ceteris
747 397 840 445 autem
869 392 950 444 rebus
979 389 1010 442 iis
1038 407 1110 459 quac
1134 396 1286 461 sequentur

255 479 437 532 voluminibus
464 476 581 539 relictis,
615 495 701 547 quae,
735 479 785 531 nisi
812 477 897 531 omnis
920 495 964 530 me
985 495 1047 545 spes
1069 477 1097 529 in
1119 485 1285 548 perpetuum

254 567 451 627 frustrabitur„
471 566 524 617 hoo
546 570 574 616 et
594 566 718 633 proximo
741 582 811 618 anno
833 563 936 633 publici
964 563 1029 615 iuris
1051 563 1163 626 faciam,
1196 573 1285 620 restat

254 658 286 705 ut
311 653 344 705 iis
367 652 430 705 viris
452 649 667 713 humanissimis,
698 651 744 721 qui
773 653 838 703 dum
865 651 939 718 apud
963 655 1070 702 exteros
1094 667 1169 704 eram
1191 653 1285 707 studia

254 755 315 791 mea
341 745 370 790 et
395 737 560 790 adiuverunt
588 742 617 788 et
642 737 781 799 foverunt,
816 737 921 789 debitas
943 741 1035 805 grates
1057 737 1168 804 publice
1190 755 1282 809 agam

253 826 375 888 Quorum
408 823 497 876 officia
523 839 577 892 quo
604 823 745 876 liberalius
772 823 800 877 in
822 822 866 875 uie
888 824 990 874 collata
1019 828 1097 883 sunt,
1133 841 1165 875 eo
1193 826 1282 896 magis

255 927 306 981 ego
328 911 381 963 hac
403 915 431 962 et
452 908 580 977 temporis
603 915 632 961 et
653 909 704 962 loci
726 910 902 962 excusatione
924 913 995 970 utar,
1028 910 1101 976 quod
1123 909 1282 978 simpliciter

252 1001 360 1049 tanturn
383 1001 411 1048 et
431 995 525 1064 paucis
548 1012 733 1049 commemoro.
776 996 873 1064 Neque
894 1011 958 1047 vero
981 1011 1074 1047 eorum
1096 995 1193 1049 animis
1215 1015 1281 1067 ope·

252 1098 316 1136 rosa
336 1083 529 1150 adfectataque
550 1081 702 1152 gratiarum
725 1082 796 1134 actio
818 1083 934 1150 placeat.

316 1172 343 1221 A
364 1185 418 1236 qno
440 1168 525 1238 igitur
547 1167 653 1220 initium
674 1168 772 1221 faciam
795 1168 845 1220 nisi
868 1169 904 1219 ab
927 1166 975 1219 illo
997 1165 1055 1218 viro
1070 1165 1235 1235 amplissimo
1251 1167 1280 1221 in

251 1252 404 1323 litterisque
425 1252 555 1323 primario
584 1253 631 1323 qni
659 1253 687 1306 in
713 1253 821 1307 Daniae
849 1254 917 1305 nrbe
943 1252 1111 1304 nobilissima
1133 1252 1200 1305 mihi
1226 1254 1280 1307 iter

251 1339 416 1412 ingredienti
437 1339 541 1410 primus
564 1340 683 1392 omnium
707 1346 767 1393 erat
787 1341 975 1392 consulendus.
1003 1338 1061 1390 Nec
1072 1343 1179 1391 tantum
1190 1341 1279 1394 multa

250 1442 338 1495 euque
361 1426 574 1496 exquisitissima
588 1442 632 1479 me
652 1427 745 1479 docuit
765 1425 878 1496 Madvig
900 1426 1041 1492 multaque
1056 1425 1205 1487 admonuit,
1227 1429 1277 1479 sed

249 1512 334 1566 etiam
366 1513 394 1564 in
422 1512 601 1565 bibliothecas
631 1512 756 1581 publicas
784 1512 858 1565 illius
887 1511 962 1564 urbis
990 1512 1125 1563 deducere
1147 1511 1276 1582 dignatus

246 1605 297 1652 est
341 1599 386 1653 Ex
408 1597 440 1650 iis
462 1603 555 1652 autern
576 1597 641 1650 viris
663 1597 837 1660 doctissimis,
859 1597 907 1667 qui
928 1597 956 1650 in
979 1597 1125 1650 Germania
1148 1598 1175 1649 in
1196 1615 1276 1666 prac-

245 1686 323 1737 clara
355 1684 527 1754 antiquitatis
560 1684 653 1737 studia
685 1685 857 1746 incumbunt,
892 1688 951 1736 tum
983 1683 1105 1736 Berolini
1135 1684 1275 1747 aethera,

248 1771 361 1839 Zumpt,
383 1770 461 1831 Keil,
495 1777 553 1822 turn
581 1771 609 1822 iu
637 1770 713 1831 aliis,
747 1787 814 1838 quas
838 1769 906 1831 adii,
940 1769 1054 1822 urbibus
1077 1769 1124 1822 alii
1147 1787 1274 1840 magnam

247 1857 313 1910 mihi
336 1857 551 1909 benevolentiam
575 1856 782 1924 praestiterunt;
806 1856 833 1908 id
855 1872 939 1908 unum
962 1857 1041 1908 doleo
1063 1857 1135 1925 quod
1151 1858 1274 1910 Bonnam

245 1944 389 1995 devertere
417 1942 482 1994 mihi
510 1959 563 1993 non
592 1942 675 1993 licuit.
719 1943 787 1994 Item
809 1943 912 1995 Romae
934 1942 1089 1995 habitantes
1111 1944 1222 1994 Henzen
1246 1950 1274 1996 et

247 2030 341 2083 Brenn
371 2042 539 2099 magnopere
567 2026 632 2080 mihi
659 2026 792 2080 faverunt
835 2030 967 2081 Italorum
994 2045 1101 2096 quoque
1128 2029 1272 2096 compluri-

247 2114 299 2169 bu
329 2112 449 2169 mum
475 2130 519 2166 me
546 2113 645 2164 debere
667 2113 835 2182 gratissimus
856 2116 996 2183 profiteor:
1030 2130 1092 2166 nam
1115 2131 1168 2166 uon
1191 2118 1271 2167 modo

247 2198 474 2255 bibliolbmr'm
495 2198 690 2266 percelebrinm
713 2199 857 2266 praefecti,
880 2202 1030 2254 Vaticanae
1045 2200 1270 2255 eminentissimus

245 2284 288 2339 vir
308 2302 342 2339 ae
361 2282 600 2340 reverendissimus
622 2285 780 2338 Alexander
800 2290 833 2338 A.
850 2286 877 2338 di
900 2287 954 2340 San
970 2289 1112 2348 Memno,
1135 2287 1269 2339 Mediceo·

246 2371 450 2426 Laurentianae
471 2372 569 2424 Petrus
591 2371 645 2422 Del
662 2370 759 2433 Furia,
781 2371 937 2442 Marcianae
952 2372 1120 2439 (Veneticae)
1136 2374 1268 2441 Iosephus

245 2457 436 2519 Valentinelli,
458 2455 671 2510 Barberinianae
694 2459 776 2527 (qnae
797 2458 900 2511 Romae
923 2459 974 2524 est)
997 2460 1107 2513 Sentius
1129 2459 1267 2522 Pieralisi,

244 2543 296 2597 viri
317 2543 465 2613 plurimum
486 2542 639 2603 reverendi,
663 2549 794 2610 quantam
815 2543 842 2596 in
864 2545 941 2598 libris
963 2562 1045 2598 manu
1067 2545 1173 2613 scriptis
1189 2550 1266 2598 uten-

245 2629 287 2683 dis
309 2629 463 2682 libertatem
487 2630 552 2682 dare
573 2628 614 2681 fas
638 2633 710 2690 erat,
732 2634 837 2682 tantam
860 2631 927 2684 mihi
949 2633 1022 2685 haud
1047 2631 1182 2702 gravatim
1205 2650 1267 2684 con-

244 2721 396 2777 cesserunt,
418 2731 512 2767 verum
535 2714 617 2766 etiam
640 2713 687 2766 alii
710 2715 760 2768 viri
782 2715 889 2786 ingenio
913 2717 1089 2787 doctrinaque
1109 2734 1267 2786 morumque

242 2801 380 2855 suavitate
402 2816 489 2871 aeque
512 2799 661 2868 conspicui,
692 2801 846 2871 exquibus
869 2803 1026 2857 Vincentius
1049 2803 1202 2864 Castellini‚
1236 2805 1266 2857 B.

241 2888 276 2941 G.
292 2889 327 2940 de
348 2887 441 2948 Rossi,
463 2887 515 2939 Ios.
530 2885 624 2954 Spezi,
646 2886 811 2954 professores
833 2890 962 2952 Romani,
984 2890 1093 2942 honoris
1116 2905 1198 2942 causa
1219 2908 1266 2942 no·

241 2973 388 3035 minentur,
411 2971 544 3042 singulari
566 2973 660 3024 favore
682 2972 747 3025 mihi
769 2975 890 3046 meisque
904 2976 1001 3030 studiis
1016 2975 1180 3044 patrocinati
1196 2982 1265 3029 sunt

240 3059 299 3112 Nec
320 3056 427 3112 silentio
449 3063 621 3126 praeteream
641 3062 802 3113 reverendos
825 3063 1030 3132 hospitalesque
1045 3062 1189 3116 monachos
1204 3062 1266 3114 Flo-

240 3145 361 3198 rentinos
395 3162 429 3197 ex
457 3144 552 3197 ordine
577 3144 827 3210 Dominicanornm‚
861 3165 975 3217 quorum
997 3147 1023 3199 in
1046 3146 1189 3206 coenobio,
1223 3148 1266 3199 cui

238 3231 333 3284 Sancti
361 3229 446 3285 Marci
474 3247 571 3282 nomen
599 3237 653 3293 est,
687 3233 806 3286 codicem
832 3234 977 3287 Lirianum
1005 3250 1040 3284 ex
1061 3231 1159 3283 indicio
1181 3233 1265 3285 Keilii

241 3315 381 3371 inventum
408 3315 516 3369 contuli.
566 3317 652 3370 Venio
682 3321 717 3371 ad
745 3319 885 3373 Parisinae
912 3317 1094 3370 bibliothecae
1122 3333 1266 3372 caesareae

239 3403 391 3472 praefectos
420 3402 599 3472 amplissimos
622 3403 854 3473 clarissimosque,
888 3403 934 3472 qui
963 3401 1045 3455 etiarn
1068 3403 1138 3456 domi
1161 3405 1265 3458 codices

240 3488 350 3561 legendi
366 3489 483 3559 benigne
501 3493 663 3558 potestatem
680 3489 809 3542 fecerunt.
843 3491 968 3543 Ceterum
983 3487 1030 3559 qui
1045 3489 1072 3541 in
1095 3492 1147 3543 hac
1168 3490 1265 3543 biblio-

239 3575 322 3628 theca
343 3575 519 3629 celeberrima
540 3575 696 3627 muneribus
714 3573 862 3641 praepositi
881 3581 945 3628 sunt
966 3576 1077 3628 Carolus
1100 3577 1264 3630 clementius

237 3661 345 3715 Claude
379 3667 406 3714 et
431 3662 588 3730 Leopoldus
618 3653 723 3713 Delisl'e
750 3658 849 3730 insigni
877 3679 927 3714 sua
954 3661 1077 3714 doctrina
1099 3669 1127 3714 et
1150 3663 1264 3715 benero-

239 3745 326 3800 lentia
348 3747 414 3800 mihi
435 3747 463 3799 in
485 3746 577 3801 multis
600 3747 681 3798 rebus
704 3745 871 3813 profuerunt.
914 3750 973 3802 Hoc
995 3749 1054 3801 loco
1078 3766 1131 3801 non
1154 3765 1264 3817 possum

236 3831 306 3901 quin
328 3833 407 3886 unius
425 3834 522 3886 saltem
543 3831 647 3887 Suecici
669 3831 785 3884 hominis
808 3834 969 3888 mentionem
990 3834 1095 3888 faciam.
1129 3834 1178 3888 Vir
1193 3835 1264 3887 enim

236 3919 481 3972 excellentissimus
502 3935 592 3971 comes
614 3917 836 3988 generosissimus
858 3922 1012 3975 Ludovicus
1034 3922 1262 3982 Manderstrocm‚
