2616 4492
441 295 510 342 nra.
526 293 587 341 vn.
610 294 687 341 oar.
702 276 839 340 61-64.
1090 278 1151 340 135

196 433 371 496 Defectione
397 431 574 496 Aeduorum
600 433 720 514 cognite
740 433 851 495 bellum
873 438 1007 510 augetur.
1050 431 1196 511 Lege-63

135 521 233 582 tiones
255 520 286 581 iu
309 539 411 580 omnes
431 528 535 600 partes
556 520 840 592 circummittuntur3
870 525 1017 597 quantum
1040 518 1152 596 gratia,

131 606 329 679 auctoritate,
356 607 485 685 pecunia
505 606 624 680 valent,
653 608 693 667 ad
715 605 922 667 sollicitandas
944 603 1082 664 civitates
1104 603 1154 664 ni-

133 701 246 754 tuntur.
290 692 380 754 Nacti
403 693 539 766 obsides,
564 712 637 772 quos
661 692 776 753 Caesar
797 692 877 770 apud
892 709 943 750 eos
959 691 1152 767 deposuerat,

132 779 239 840 horum
263 778 409 858 supplicio
433 779 603 840 dubitantes
626 779 777 840 territant.
810 777 924 838 Petunt
946 795 965 836 a
986 775 1182 856 Vercinge·s

133 866 228 945 torige
262 864 377 937 Aedui,
411 873 446 926 ut
472 866 512 926 ad
540 885 572 925 se
599 865 705 925 veniat
726 864 918 942 rationesque
940 860 1011 925 belli
1033 863 1155 941 gerendi

130 951 338 1012 eommunicet.
382 950 429 1012 Re
451 951 614 1030 impetrata
642 952 838 1022 contendunt,
872 959 906 1010 ut
933 948 1008 1027 ipsis
1036 967 1155 1009 summa

130 1038 249 1117 imperii
281 1038 428 1110 tradatur,
463 1047 494 1098 et
526 1056 558 1098 re
583 1037 615 1098 in
642 1036 879 1098 controversiam
907 1036 1034 1096 deducta
1060 1035 1154 1095 totius

132 1122 253 1186 Galliae
286 1123 440 1184 concilium
468 1124 610 1185 Bibracte
637 1124 786 1185 indicitur.
830 1123 947 1183 Eodem
972 1121 1156 1182 conveniunt

129 1211 263 1291 undique
293 1212 476 1290 frequentes.
520 1210 723 1271 Multitudinis
751 1208 901 1288 suffragiis
928 1227 977 1269 res
1003 1207 1154 1286 permitti·
1173 1226 1196 1263 ro

130 1307 196 1357 tur:
225 1298 266 1358 ad
292 1315 384 1357 unum
414 1316 519 1358 omnes
540 1296 815 1376 Vercingetorigem
838 1295 970 1374 probant
990 1293 1154 1373 imperato-

132 1403 207 1444 rem.
256 1381 308 1443 Ab
335 1382 393 1442 hoc
424 1383 549 1443 concilio
577 1382 681 1456 Remi,
715 1382 880 1461 Lingones,
916 1380 1040 1440 Treveri
1067 1381 1154 1440 afue-

130 1477 216 1531 runt:
240 1468 298 1542 illi,
323 1469 403 1548 quod
426 1468 588 1529 amicitiam
610 1468 816 1529 Romanorum
832 1468 1051 1547 sequebantur3
1076 1467 1155 1526 Tre-

130 1555 212 1628 veri,
241 1556 320 1634 quod
342 1555 469 1615 aberant
490 1555 608 1634 longius
636 1563 667 1615 et
688 1556 727 1615 ab
750 1553 910 1615 Germanis
931 1553 1153 1631 premebantur,

131 1661 210 1722 quae
243 1641 300 1702 fuit
332 1658 440 1712 causa,
475 1659 567 1719 quare
600 1648 666 1701 toto
700 1641 843 1701 abessent
874 1639 953 1699 bello
983 1646 1013 1698 et
1040 1637 1154 1697 uentris
1171 1657 1195 1694 ιε

132 1727 248 1790 auxilia
269 1726 432 1786 mitterent.
465 1726 578 1806 Magno
601 1725 704 1787 dolore
725 1724 826 1786 Aedui
847 1726 947 1785 ferunt
969 1744 1002 1784 se
1025 1723 1155 1784 deiectos

131 1813 318 1894 principatu3
342 1821 507 1891 queruntur
529 1814 668 1873 fortunae
690 1811 954 1873 commutationem
970 1819 1000 1870 et
1015 1808 1155 1870 Caesaris

130 1898 352 1978 indulgentiam
374 1898 405 1958 in
428 1917 461 1958 se
483 1898 652 1977 requirunt,
676 1916 773 1977 neque
795 1907 898 1958 tamen
921 1903 1059 1975 suscepto
1075 1895 1154 1957 bello

133 2004 222 2046 suum
245 1984 400 2045 consilium
422 1985 461 2045 ab
483 1984 605 2064 reliquis
628 2003 769 2063 separare
792 1985 911 2045 audent.
955 1982 1048 2043 Inviti
1070 2001 1154 2042 sum-

132 2090 201 2132 mae
233 2071 299 2150 spei
327 2070 534 2132 adolescentes
561 2070 749 2149 Eporedorix
776 2079 808 2130 et
833 2069 1044 2131 Viridomarus
1073 2069 1155 2129 Ver·
1169 2092 1198 2129 ro

131 2157 311 2237 cingetorigi·
331 2165 450 2236 parent.
499 2157 570 2236 Ipse
597 2157 726 2236 imperat
753 2156 875 2235 reliquis
903 2155 1075 2216 civitatibus
1099 2156 1199 2215 ob-64

132 2243 215 2305 sides
238 2244 375 2323 diemque
399 2243 427 2304 ei
448 2243 492 2304 rei
514 2243 681 2305 constituit.
724 2244 794 2305 Huc
816 2262 919 2304 omnes
943 2242 1075 2321 equiteS,
1104 2257 1155 2302 xv

133 2330 219 2391 milia
240 2349 381 2402 numero,
405 2330 544 2392 celeriter
565 2330 724 2392 convenire
745 2330 837 2391 iubet.
881 2328 1040 2402 Peditatu,
1068 2347 1155 2406 quem

133 2426 226 2478 antea
246 2417 411 2489 habuerat,
436 2435 470 2478 se
490 2418 554 2477 fore
576 2426 749 2478 contentum
773 2416 859 2488 dicit,
887 2435 982 2495 neque
1004 2415 1156 2475 fortunam

132 2512 351 2581 temptaturum
366 2504 467 2564 autin
483 2503 547 2564 acie
562 2504 787 2577 dimicaturum,
812 2504 880 2576 sed,
904 2501 1043 2581 quoniam
1058 2502 1156 2560 abun·
1170 2524 1198 2560 aa

133 2589 187 2650 det
208 2591 359 2668 equitatu,
382 2589 523 2669 perfacile
545 2608 612 2650 esse
633 2591 715 2651 factu
729 2588 1009 2650 frumentationibus
1025 2587 1155 2666 pabula-

133 2675 325 2754 tionibusque
340 2675 497 2737 Romanos
512 2675 681 2753 prohibere,
706 2694 801 2756 aequo
818 2676 905 2736 modo
918 2674 1018 2734 auimo
1032 2692 1086 2732 sua
1097 2672 1157 2752 ipsi

133 2763 285 2822 frumenta
313 2769 506 2838 corrumpant
533 2761 727 2840 aedificiaque
754 2762 931 2831 incendant,
960 2778 1020 2839 qua
1043 2759 1086 2819 rei
1107 2761 1120 2818 f
1140 2792 1156 2803 -

134 2845 401 2917 miliaris,iactura
422 2855 598 2924 perpetuum
619 2847 775 2926 imperium
791 2847 1018 2924 libertatemque
1035 2864 1066 2904 se
1083 2864 1156 2904 cou-

135 2930 221 3010 sequi
247 2930 380 2991 videant.
429 2930 487 2990 His
515 2932 686 2993 constitutis
714 2933 803 2994 rebus
825 2933 941 2994 Aeduis
965 2930 1156 3006 Segusiavis-
1174 2948 1200 2985 so

135 3036 208 3098 que,
243 3016 295 3096 qui
321 3024 392 3076 sunt
418 3015 536 3076 finitimi
562 3018 748 3095 provinciae,
784 3035 809 3079 x
837 3018 920 3079 milia
941 3017 1074 3096 peditum
1097 3017 1156 3075 im-

134 3112 238 3185 perat3
273 3103 331 3164 hue
364 3101 449 3163 addit
481 3101 595 3180 equites
623 3099 725 3165 Doce.
780 3105 838 3164 His
871 3103 1007 3183 praeficit
1033 3103 1157 3162 fratrem

133 3188 349 3270 Eporedorigis
372 3187 543 3268 bellumque
565 3187 667 3248 inferri
688 3188 906 3269 Allobrogibus
923 3189 1014 3249 iubet.
1048 3187 1159 3248 Altera

136 3286 282 3356 exparte
305 3274 441 3336 Gabalos
463 3273 676 3353 proximosque
697 3294 792 3354 pagos
815 3275 1020 3336 Arvernorum
1035 3275 1066 3334 iu
1080 3272 1157 3333 Hel-

135 3363 219 3435 vios,
242 3363 314 3423 item
336 3362 475 3423 Rutenos
497 3359 708 3440 Cadurcosque
731 3362 770 3421 ad
793 3363 867 3423 fines
890 3360 1051 3422 Volcarum
1075 3359 1158 3419 Are·
1175 3379 1202 3415 aa

135 3449 313 3512 comicorum
343 3447 568 3527 depopulandos
591 3447 692 3508 mittit.
736 3447 839 3509 Nihilo
868 3448 965 3508 minus
994 3445 1157 3506 clandesti-

136 3536 184 3597 nis
211 3535 324 3596 nuntiis
353 3533 609 3614 legationibusque
636 3533 819 3613 Allobrogas
843 3533 1000 3606 sollicitat,
1035 3551 1159 3611 quorum

136 3632 253 3683 mentes
276 3622 408 3693 noudum
431 3621 470 3681 ab
486 3620 639 3700 superiore
654 3621 733 3682 bello
749 3621 897 3682 resedisse
913 3619 1064 3698 sperabat.
1089 3619 1157 3678 llo-

137 3728 203 3770 rum
230 3707 412 3787 principibus
438 3708 596 3786 pecunias,
626 3707 742 3769 civitati
764 3717 865 3768 autem
887 3704 1042 3785 imperium
1065 3705 1158 3767 totius

136 3795 309 3875 provinciae
331 3793 496 3873 pollicetur.
1172 3815 1201 3852 ro

201 3881 253 3942 Ad
280 3881 336 3941 hos
365 3899 467 3941 omnes
496 3899 584 3941 casus
611 3879 736 3959 provisa
764 3887 852 3940 erant
876 3877 1027 3957 praesidia
1049 3877 1200 3938 cohor-65

103 4033 105 4037 ,
137 3967 214 4029 tium
247 3968 374 4029 duarum
408 3975 437 4028 et
469 3966 591 4048 viginti,
626 3986 711 4047 quae·
730 3986 767 4028 ex
794 3965 863 4045 ipsa
883 3964 1039 4046 provincia
1061 3965 1099 4025 ab
1121 3963 1157 4024 1.
