2616 4492
400 308 470 355 nm.
486 307 533 355 vr.
556 307 633 356 cnr.
650 291 786 355 33-36.
1041 292 1102 357 105

81 445 189 528 potuit
233 446 399 526 Dissipatis
422 466 460 509 ao
478 446 649 528 perterritis
670 447 825 521 hostibus,
853 454 888 509 ut
910 446 1102 510 demonstra·

81 533 196 606 vimus,
218 552 326 594 manus
349 542 415 594 erat
437 534 536 608 nulla,
560 553 637 615 quae
658 553 784 613 parvam
807 533 895 593 modo
918 552 1038 595 causam
1061 535 1103 596 ti-

81 619 174 680 moris
208 620 348 680 adferret.
393 621 493 681 Trans
526 620 666 683 Rhenum
700 621 739 680 ad
768 619 938 680 Germanos
965 620 1104 699 pervenit

80 707 179 779 fama,
213 705 303 784 diripi
335 705 492 767 Ebmones
526 715 617 787 atque
650 704 729 767 ultro
763 724 867 766 omnes
896 706 936 767 ad
957 708 1103 785 praedam

81 791 209 853 evocari.
260 791 379 872 Cogunt
401 792 532 872 equitum
555 795 613 854 duo
638 792 720 853 milia
741 790 917 872 Sugambri,
952 792 1003 871 qui
1031 801 1131 855 sunta

80 877 210 957 proximi
231 877 355 950 Rheno,
385 879 533 958 aquibus
555 887 691 958 receptos
714 896 751 938 ex
771 880 842 958 fuga
865 878 1029 940 Tencteros
1052 888 1103 940 at-

80 983 139 1042 que
160 964 303 1042 Usipetes
326 983 419 1044 supra
440 965 604 1027 docuimus.
649 965 823 1026 Transeunt
844 964 865 1024 ii
887 964 1027 1025 Rhenum
1042 984 1101 1026 na-

80 1049 169 1111 vibus
196 1049 372 1130 ratibusque
399 1051 523 1131 triginta
550 1051 670 1113 milibus
697 1070 844 1130 passuum
864 1049 942 1113 infra
964 1071 1032 1111 eum
1055 1051 1102 1113 lo-

80 1155 164 1210 cum,
197 1135 250 1196 ubi
277 1155 353 1215 pons
382 1146 448 1198 erat
475 1139 624 1219 perfectus
646 1137 885 1217 praesidiumque
908 1137 948 1197 ab
971 1137 1104 1200 Caesare

81 1221 233 1296 relictum3
256 1222 370 1302 primos
392 1224 566 1286 Eburonum
588 1226 664 1285 fines
688 1224 814 1298 adeunt,
838 1222 951 1284 multos
973 1242 1011 1284 ex
1031 1225 1103 1305 fuga
1118 1248 1146 1286 ro

81 1308 235 1387 dispersos
269 1309 436 1388 excipiunt,
470 1330 591 1391 magno
606 1309 722 1390 pecoris
752 1328 890 1381 numero,
925 1309 1009 1370 onius
1032 1319 1103 1372 sunt

80 1394 266 1474 cupidissimi
297 1396 433 1468 barbari,
467 1397 632 1477 potiuntur.
682 1395 809 1457 Invitati
842 1396 958 1475 praeda
985 1395 1103 1476 lougius

79 1482 259 1559 procedunt:
293 1499 355 1542 uon
388 1483 443 1543 hos
476 1484 564 1562 palus
592 1483 624 1543 in
645 1481 727 1543 bello
750 1480 974 1559 latrociniisque
995 1491 1102 1556 natos,

80 1585 140 1627 non
164 1567 260 1627 silvae
281 1577 446 1629 morantur.
491 1567 609 1637 Quibus
631 1569 663 1629 in
685 1567 758 1628 locis
774 1568 815 1628 sit
831 1567 954 1641 Caesar,
979 1585 1102 1647 excap-

79 1652 153 1714 tivis
186 1661 349 1732 quaerunt;
385 1656 551 1733 profectum
584 1654 702 1735 longius
739 1654 893 1733 reperiunt
926 1672 1103 1733 omnemque
1117 1678 1145 1716 rs

80 1737 244 1800 exercitum
273 1737 447 1800 discessisse
474 1749 664 1820 cognoscunt.
710 1737 814 1817 Atque
841 1757 919 1802 unus
943 1757 980 1799 ex
1002 1739 1102 1818 capti-

80 1824 145 1898 vis,
174 1821 257 1893 Quid
283 1843 356 1899 vos,
389 1825 502 1904 iuquit,
536 1826 615 1888 hane
636 1824 778 1887 miseram
801 1844 837 1886 ac
858 1833 979 1886 tenuem
1002 1834 1102 1887 secta·

80 1909 154 1970 mini
176 1911 336 1989 praedam,
360 1912 469 1991 quibus
484 1912 555 1973 licet
568 1912 629 1973 iam
645 1931 713 1972 esse
727 1910 1001 1974 fortunatissimos?
1029 1912 1102 1974 Tri-

81 1996 139 2057 bus
172 1995 255 2058 horis
288 1995 480 2059 Aduatucam
512 1999 615 2059 venire
642 1997 787 2078 potestis3
822 1998 879 2058 huc
901 2016 1005 2058 omnes
1028 2018 1101 2060 suas

80 2083 219 2144 fortunas
247 2083 392 2144 exercitus
414 2085 619 2146 Romanorum
643 2082 785 2158 contulit3
819 2082 961 2164 praesidii
983 2092 1101 2146 tanturn
1115 2109 1146 2147 ιο

81 2177 144 2244 est,
180 2177 215 2230 ut
241 2188 279 2230 ne
308 2188 407 2231 murus
430 2170 549 2251 quidem
572 2171 650 2251 cingi
671 2169 785 2250 possit,
819 2190 914 2251 neque
942 2170 1102 2250 quisquam

81 2255 180 2334 egredi
214 2263 301 2317 extra
335 2256 515 2318 munitiones
549 2259 669 2319 audeat.
725 2254 838 2318 Oblata
870 2275 924 2336 spe
957 2254 1102 2319 Germani

80 2360 171 2420 quam
203 2341 285 2403 nacti
318 2352 405 2404 erant
436 2345 582 2423 praedam
608 2344 640 2405 in
674 2342 788 2405 occulto
822 2343 1007 2422 relinquunt;
1043 2343 1101 2423 ipsi

79 2427 273 2489 Aduatucam
295 2431 479 2491 contendunt
500 2431 548 2493 usi
571 2433 675 2493 eodem
699 2430 786 2504 duce,
816 2429 898 2490 cuius
920 2429 997 2490 haec
1019 2429 1100 2491 indi-

78 2514 124 2574 cio
147 2523 358 2593 cognoverant
1113 2539 1143 2577 aa

145 2599 263 2674 Cicero,
287 2601 338 2679 qui
361 2620 464 2662 omnes
487 2599 658 2679 superiores
681 2601 745 2662 dies
768 2600 937 2681 praeceptis
960 2601 1143 2663 Caesarisse

80 2705 146 2747 cum
180 2705 299 2746 summa
326 2686 482 2767 diligentia
508 2687 618 2748 milites
646 2685 679 2749 in
707 2687 817 2748 castris
845 2687 1042 2749 continuisset
1065 2707 1101 2749 ac

80 2791 118 2831 ne
151 2771 284 2832 calonem
317 2772 436 2850 quidem
464 2791 641 2852 quemquam
670 2782 756 2834 extra
783 2774 978 2835 munitionem
1002 2773 1102 2854 egredi

79 2876 190 2935 passus
224 2866 320 2928 esset,
355 2857 481 2936 septimo
515 2858 562 2919 die
595 2859 734 2920 diffidens
767 2860 805 2920 de
834 2878 956 2921 numero
986 2861 1101 2922 dierum

81 2942 244 3002 Caesarem
267 2942 355 3002 fidem
379 2951 585 3017 servaturum,
610 2945 690 3023 quod
704 2944 820 3024 longius
836 2965 1027 3025 progressum
1042 2966 1100 3007 au·
1114 2969 1145 3007 ao

82 3028 185 3088 diebat
206 3047 303 3107 neque
324 3027 387 3088 ulla
410 3029 446 3088 de
468 3028 567 3089 reditu
589 3029 653 3090 eius
674 3032 758 3091 fama
779 3031 983 3106 adferebatur,
1012 3032 1101 3093 simul

80 3134 183 3175 eorum
205 3123 357 3193 permotus
380 3113 518 3185 vocibus,
547 3115 598 3193 qui
620 3115 701 3176 illius
723 3116 903 3195 patientiam
924 3136 1020 3196 paene
1043 3118 1100 3179 oh-

79 3201 246 3262 sessionem
270 3199 479 3279 appellabant,
503 3199 649 3279 siquidem
672 3220 709 3261 ex
731 3202 839 3264 castris
862 3203 963 3282 egredi
985 3223 1047 3265 non
1061 3202 1102 3264 li-

79 3297 173 3358 ceret,
198 3286 312 3348 nullum
335 3286 479 3348 eiusmodi
502 3305 605 3346 casum
629 3296 822 3367 exspectans,
846 3308 903 3368 quo
920 3308 1028 3350 novem
1045 3308 1101 3368 op-

79 3373 187 3454 positis
210 3372 377 3454 legionibus
399 3372 590 3453 maximoque
614 3372 763 3452 equitatu,
788 3374 931 3453 dispersis
954 3395 990 3435 ao
1005 3395 1101 3454 paene
1114 3394 1144 3435 os

79 3460 186 3521 deletis
208 3460 363 3533 hostibus,
387 3459 417 3520 in
439 3459 560 3520 milibus
582 3479 727 3539 passuum
750 3460 846 3521 tribus
862 3461 971 3522 offendi
986 3471 1100 3541 posset,

80 3546 210 3627 quinque
232 3547 369 3607 cohortes
391 3547 607 3607 frumentatum
629 3545 659 3606 in
682 3546 836 3624 proximas
859 3556 975 3627 segetes
998 3547 1100 3624 mittit,

79 3652 156 3712 quas
178 3633 256 3694 inter
279 3641 310 3694 et
332 3642 433 3693 castra
455 3651 532 3694 unus
556 3632 675 3693 omnino
699 3632 784 3694 collis
807 3633 961 3695 intererat.
1006 3634 1100 3696 Corn·

79 3718 179 3798 plures
203 3728 290 3779 erant
313 3739 350 3780 ex
372 3718 538 3799 legionibus
561 3719 643 3799 aegri
664 3719 773 3792 relicti,
797 3738 834 3780 ex
857 3719 963 3799 quibus
980 3722 1029 3801 qui
1045 3721 1101 3784 hoc

80 3805 178 3883 spatio
202 3805 317 3866 dierum
339 3805 555 3866 convaluerant
570 3805 687 3867 circiter
701 3806 825 3867 trecenti
841 3807 897 3867 sub
913 3808 1023 3870 vexillo
1039 3829 1101 3871 una
1115 3823 1144 3863 4⁰

80 3890 253 3964 mittuntur;
278 3911 387 3971 magna
408 3901 567 3972 praeterea
582 3892 741 3953 multitudo
757 3892 904 3967 calonum,
929 3915 1037 3975 magna
1052 3896 1099 3957 vis

80 3976 290 4051 iumentorum,
320 3998 396 4058 quae
424 3981 456 4040 in
478 3979 585 4041 castris
608 3980 822 4053 subsederant,
846 3980 925 4042 facta
948 3991 1100 4062 potestate

82 4063 224 4142 sequitur.
