2616 4492
208 264 255 329 ol
536 280 585 327 nn
607 279 724 329 auuno
749 278 904 330 eunuco

207 440 286 503 quae
308 439 374 484 cum
397 428 500 482 essent
521 419 657 494 funibus,
686 420 803 482 ancoris
831 418 1013 501 reliquisque
1035 420 1232 482 armamentis

209 508 332 571 amissis
356 507 395 568 ad
418 506 621 588 navigandum
641 506 778 581 inutiles,
801 526 926 588 magna,
952 506 984 567 id
1006 507 1086 586 quod
1107 526 1232 568 necesse

210 604 277 656 erat
298 593 448 667 accidere,
472 592 565 654 totius
589 592 735 655 exercitus
760 592 947 673 perturbatio
969 593 1050 654 lacta
1072 601 1127 654 est.
1164 592 1232 655 Ne-

209 699 267 761 que
290 680 369 740 enim
392 698 485 740 naves
509 688 597 741 erant
619 679 712 754 aliae,
736 679 842 759 quibus
869 679 1016 760 reportari
1037 688 1177 759 possent,
1201 689 1232 741 et

179 767 312 830 somnia
333 768 472 839 deerant,
496 785 573 845 quae
596 766 636 827 ad
657 765 834 828 reficiendas
859 784 955 827 naves
978 774 1067 827 erant
1088 765 1165 838 usui,
1189 774 1230 841 et,

209 854 291 935 quod
313 852 450 914 omnibus
473 852 634 913 constabat
660 852 785 914 hiemari
806 853 839 914 in
862 851 964 913 Gallia
986 859 1137 932 oportere,
1164 853 1232 914 iru-

209 948 342 1001 mentum
364 938 412 1000 his
431 938 466 999 -in
488 938 560 1000 locis
582 938 614 999 in
636 937 763 999 hiemem
788 939 942 1018 provisum
964 957 1023 1000 non
1047 946 1122 1000 erat

169 1035 205 1087 30
278 1023 396 1094 Quibus
426 1025 514 1086 rebus
541 1024 666 1106 cognitis
688 1025 838 1105 principes
863 1024 1055 1097 Britanniae,
1090 1024 1140 1105 qui
1160 1033 1233 1104 post

210 1111 356 1193 proelium
390 1112 429 1173 ad
462 1110 624 1173 Caesarem
652 1119 871 1185 convenerant,
906 1111 986 1172 inter
1012 1130 1045 1172 se
1068 1111 1230 1184 conlocuti,

173 1220 197 1258 m
210 1217 277 1260 cum
300 1197 413 1278 equites
437 1207 468 1258 et
495 1216 588 1259 naves
611 1206 643 1258 et
663 1198 845 1259 trumentum
871 1196 1021 1260 Romanis
1049 1197 1155 1259 deesse
1180 1198 1231 1259 in-

210 1284 387 1365 tellegerent
409 1292 439 1345 et
460 1283 642 1364 paucitatem
665 1283 792 1345 militum
819 1303 856 1344 ex
881 1292 1047 1345 castrorum
1069 1283 1232 1364 exiguitate

210 1379 439 1451 cognoscerent,
461 1388 540 1449 quae
559 1370 617 1431 hoc
640 1379 727 1431 eraut
749 1369 841 1439 etiam
856 1369 1047 1450 angustiora,
1070 1371 1150 1448 quod
1164 1370 1231 1432 sine

209 1456 431 1537 impedimentis
465 1455 580 1525 Caesar
611 1455 744 1536 legiones
772 1464 1048 1535 transportaverat,
1083 1455 1232 1536 optimum

208 1544 386 1637 lactrffesse
414 1544 564 1604 duxerunt
586 1541 747 1604 rebellione
768 1543 849 1603 facta
870 1543 1021 1604 frumento
1044 1551 1231 1605 commeatu·

167 1654 194 1692 ra
211 1649 268 1711 que
289 1637 411 1693 nostros
434 1629 594 1709 prohibere
617 1638 648 1690 et
670 1647 732 1689 rem
754 1628 786 1690 in
807 1627 941 1709 hiemem,
948 1628 1126 1709 producere,
1150 1632 1232 1708 quod

209 1716 248 1779 iis
281 1715 431 1796 superatis
459 1725 512 1777 aut
539 1714 638 1777 reditu
665 1713 836 1777 interclusis
858 1714 1006 1795 neminem
1028 1723 1137 1795 postea
1157 1715 1231 1778 belli

161 1872 164 1876 Α
208 1802 356 1865 inferendi
388 1820 481 1864 causa
512 1801 544 1862 in
576 1801 767 1863 Britanniam
800 1801 997 1867 transiturum
1030 1801 1230 1864 confidebant.

209 1889 318 1970 Itaque
341 1908 445 1950 mrsus
468 1888 673 1949 coniuratione
700 1889 781 1949 facta
802 1887 950 1967 paulatim
973 1907 1011 1949 ex
1033 1887 1140 1949 castris
1163 1888 1230 1951 dis·

209 1977 315 2037 cedere
338 1994 374 2036 ac
395 1993 466 2036 suos
489 1974 566 2035 clam
589 1993 626 2036 ex
649 1974 728 2055 agris
752 1974 899 2036 deducere
921 1983 1092 2052 coeperunt.

166 2065 199 2116 31
273 2060 320 2122 At
353 2059 479 2133 Caesar,
513 2060 570 2121 etsi
598 2061 729 2121 nondum
757 2079 858 2122 eorum
885 2059 1012 2121 consilia
1032 2068 1231 2140 cognoverat,

166 2171 190 2208 αι
211 2156 314 2208 tamen
337 2155 368 2207 et
390 2166 427 2207 ex
449 2154 558 2207 eventu
581 2146 703 2207 navium
726 2165 848 2209 suarum
871 2154 903 2207 et
923 2164 961 2207 ex
981 2165 1026 2221 eo,
1050 2147 1129 2227 quod
1144 2146 1231 2208 obsi-

211 2234 265 2295 des
288 2234 360 2294 dare
382 2231 623 2304 intermiserant,
645 2234 709 2293 fore
731 2232 777 2305 id,
801 2233 880 2313 quod
901 2232 1025 2306 accidit,
1049 2232 1229 2313 suspicaba-

210 2328 268 2382 tur.
312 2319 420 2398 Itaque
444 2319 484 2380 ad
506 2337 609 2379 omnes
632 2337 720 2379 casus
743 2319 878 2380 subsidia
900 2320 1104 2399 comparabat.
1147 2319 1230 2380 Nam

211 2415 243 2468 et
273 2405 455 2467 frumentum
489 2423 527 2465 ex
559 2404 639 2484 agris
667 2404 800 2485 quotidie
827 2405 858 2465 in
881 2412 983 2466 castra
1004 2405 1176 2467 conterebat
1198 2414 1231 2466 et

166 2511 195 2552 aa
211 2511 288 2573 quae
310 2490 490 2572 gravissime
512 2490 652 2552 adflictae
675 2499 762 2552 erant
783 2510 894 2564 naves,
918 2509 1020 2552 earum
1035 2491 1164 2553 materia
1179 2501 1230 2552 at·

210 2597 267 2659 que
294 2597 364 2640 aere
390 2578 430 2639 ad
452 2576 583 2658 reliquas
606 2576 780 2639 reficiendas
802 2578 943 2638 utebatur
965 2586 995 2638 et
1016 2596 1093 2657 quae
1115 2578 1156 2640 ad
1177 2596 1229 2640 eas

209 2684 260 2726 res
283 2673 368 2725 erant
388 2661 458 2749 usui
479 2678 518 2725 ex
539 2663 704 2724 continenti
726 2664 907 2743 comportari
928 2663 1061 2725 iubebat.
1104 2664 1229 2744 Itaque,

208 2769 276 2813 cum
298 2768 414 2812 summo
436 2749 538 2813 studio
560 2769 580 2810 a
602 2749 746 2811 militibus
769 2750 1040 2823 administraretur,
1063 2766 1118 2811 x11
1138 2750 1229 2811 navi-

207 2836 266 2899 bus
288 2835 425 2913 amissis,
448 2834 571 2916 reliquis
592 2844 628 2897 ut
649 2835 786 2916 navigari
808 2837 962 2898 commode
984 2846 1099 2916 posset,
1122 2836 1229 2899 effecit.

165 2929 201 2981 32
273 2923 354 2984 Dum
388 2941 425 2983 ea
457 2932 611 3003 geruntur,
645 2921 762 3002 legione
784 2941 822 2984 ex
843 2922 1061 2985 consuetudine
1082 2941 1144 2985 una
1164 2923 1230 2984 iru-

165 3036 189 3074 tt
210 3017 377 3072 mentatum
399 3008 508 3083 missa,
543 3027 620 3088 quae
642 3008 854 3088 appellabatur
876 3009 1020 3089 septima,
1049 3027 1145 3090 neque
1167 3008 1230 3070 ulla

209 3097 249 3158 ad
271 3095 302 3157 id
324 3104 443 3175 tempus
465 3093 537 3156 belli
560 3094 729 3174 suspicione
749 3095 945 3176 interposita,
978 3114 1045 3157 cum
1071 3114 1144 3175 pars
1171 3094 1229 3157 ho·

209 3183 323 3245 minum
344 3182 377 3242 in
393 3180 478 3262 agris
499 3190 682 3257 remaneret,
710 3201 783 3261 pars
806 3182 898 3244 etiam
919 3181 952 3242 in
974 3190 1073 3243 castra
1093 3181 1230 3242 ventita-

209 3277 270 3342 ret,
293 3267 330 3342 ii,
355 3267 405 3347 qui
427 3286 482 3347 pro
504 3267 598 3348 portis
620 3275 787 3329 castrorum
809 3268 841 3330 in
863 3267 995 3329 statione
1018 3275 1120 3341 erant,
1148 3265 1230 3329 Cae-

165 3379 194 3417 sa
209 3355 272 3417 sari
299 3354 514 3416 nuntiaverunt
546 3352 702 3433 pulverem
735 3353 891 3428 maiorem,
926 3373 1016 3434 quam
1043 3353 1229 3438 consuetudo

208 3442 314 3516 terret,
337 3440 369 3502 in
391 3459 429 3501 ea
450 3449 536 3520 parte
558 3439 669 3515 rideri,
699 3456 789 3520 quam
810 3439 842 3501 in
864 3450 981 3520 partem
1004 3440 1081 3522 legio
1103 3441 1161 3502 iter
1180 3441 1229 3502 ie-

210 3527 310 3590 cisset.
356 3525 539 3601 Caesarid,
562 3528 745 3607 quoderat,
769 3526 955 3606 suspicatus,
979 3526 1093 3608 aliquid
1115 3525 1186 3589 novi
1210 3544 1229 3587 a

208 3613 348 3675 barbaris
380 3613 487 3674 initum
520 3612 651 3687 consilii,
686 3612 838 3688 cohortes,
873 3631 951 3692 quae
984 3613 1015 3674 in
1043 3612 1228 3675 stationibus

211 3707 313 3774 erant,
343 3718 444 3760 secum
465 3698 497 3759 iu
520 3716 587 3760 eam
608 3707 725 3778 partem
746 3698 908 3778 proficisci,
943 3718 981 3760 ex
1007 3699 1129 3781 reliquis
1152 3699 1229 3760 duas

167 3808 197 3847 so
210 3784 242 3845 in
265 3784 426 3846 stationem
448 3785 587 3847 cohortes
611 3784 784 3860 succedere,
813 3784 946 3865 reliquas
968 3786 1080 3847 armari
1102 3794 1133 3847 et
1155 3803 1229 3846 con-

209 3869 309 3932 lestim
333 3890 399 3932 sese
422 3871 564 3954 subsequi
584 3870 683 3932 iussit.
728 3871 804 3933 Cum
825 3871 916 3953 paulo
939 3872 1056 3954 longius
1079 3871 1229 3935 acastris

210 3956 422 4037 processisset,
446 3976 518 4019 suos
540 3958 580 4018 ab
601 3957 740 4021 hostibus
762 3959 857 4039 premi
871 3966 961 4039 atque
976 3977 1065 4038 aegre
1080 3957 1230 4023 sustinere
