2616 4492
388 294 457 343 nm.
473 294 536 342 ιιιι.
559 295 636 343 car.
651 277 790 343 uo-tt.
1056 276 1105 341 61·

82 443 234 518 parasset,
266 435 400 497 facturos
432 433 651 514 pollicerentur.
694 433 761 497 Hoc
793 433 851 495 sibi
877 431 991 496 Caesar
1022 432 1101 495 satis

80 529 249 602 opportune
282 521 427 582 accidisse
453 521 634 593 arbitratus,
669 522 748 600 quod
775 539 871 600 neque
891 530 963 600 post
984 529 1101 600 tergum

81 608 200 669 hostem
222 606 390 688 relinquere
412 606 535 669 volebat
557 625 652 687 neque
670 606 742 667 belli
756 607 882 686 gerendi
892 614 1015 686 propter
1029 605 1101 668 anni

82 704 201 774 tempus
228 693 403 756 facultatem
429 693 565 755 habebat
591 712 686 773 neque
713 692 770 754 has
791 692 979 753 tantularum
1001 711 1101 754 rerum

80 779 294 881 occupationes
315 779 493 841 Britanniae
515 779 743 859 anteponendas
765 779 932 853 iudicabat,
959 798 1129 878 magnums

81 866 119 928 iis
153 885 309 927 numcmm
337 865 473 928 obsidum
501 866 638 945 imperat.
683 862 802 934 Quibus
830 864 967 927 adductis
996 884 1101 927 eosm

81 953 172 1015 iidem
193 952 313 1032 recepit.
363 944 502 1014 Navibus
530 951 646 1013 circiter
671 965 774 1012 Lxxx
803 951 948 1013 onerariis
971 951 1099 1024 coactis,

82 1039 163 1119 quod
189 1039 264 1100 satis
293 1057 360 1099 esse
387 1039 427 1100 ad
455 1039 529 1100 duas
556 1039 810 1118 transportandas
832 1034 969 1118 legiones
992 1036 1100 1099 existi-

82 1125 201 1199 mabat,
230 1125 309 1205 quod
332 1133 488 1204 praeterea
509 1124 630 1185 navium
656 1123 810 1204 longarum
826 1124 976 1198 habebat,
1005 1142 1121 1204 quae-1

82 1211 168 1285 stori,
191 1211 298 1291 legatis
313 1211 531 1291 praefectisque
546 1208 706 1271 distribuit.
729 1211 798 1272 Huc
808 1212 991 1272 accedebant
1005 1224 1100 1271 xvm
1119 1236 1145 1277 ιο

80 1297 237 1358 onerariae
270 1316 388 1373 naves,¹
414 1316 490 1378 quae
524 1314 561 1357 ex
588 1313 623 1358 eo
649 1296 714 1357 loco
741 1296 781 1358 ab
807 1296 928 1357 milibus
954 1314 1099 1377 passuum

83 1392 150 1445 octo
171 1391 262 1444 vento
285 1383 477 1457 tenebantur,
501 1401 558 1463 quo
580 1381 679 1444 minus
701 1381 732 1442 in
756 1383 880 1445 eundem
903 1391 1022 1461 portum
1043 1400 1100 1444 ve-

81 1469 146 1530 nire
177 1477 315 1549 possent:
349 1469 413 1543 has¹
437 1469 587 1548 equitibus
615 1468 778 1530 distribuit
826 1468 989 1550 Reliquum
1011 1487 1100 1530 exer·

81 1556 174 1616 citum
202 1552 317 1625 Quinto
345 1555 462 1617 Titurio
490 1553 604 1616 Sabino
627 1563 658 1617 et
678 1554 771 1616 Lucio
793 1553 1000 1616 Aurunculeio
1023 1554 1100 1616 Got-

80 1649 133 1702 tae
165 1640 272 1720 legatis
299 1640 331 1701 in
358 1641 518 1720 Menapios
540 1649 631 1722 atque
652 1641 684 1702 in
706 1660 758 1701 eos
780 1660 874 1721 pagos
896 1641 1099 1723 Morinorum,
1119 1669 1146 1708 rs

82 1728 121 1788 ab
144 1727 253 1805 quibus
277 1727 316 1788 ad
338 1746 406 1787 eum
429 1727 521 1809 legati
543 1746 604 1788 non
624 1735 785 1802 venerant,
810 1728 977 1788 ducendum
999 1726 1099 1800 dedit3

81 1812 223 1873 Publium
246 1812 410 1892 Sulpicium
430 1813 542 1874 Rulum
556 1812 689 1892 legatum
704 1832 770 1873 cnm
786 1831 821 1873 eo
835 1813 997 1893 praesidio,
1021 1812 1101 1894 quod

83 1899 160 1960 satis
183 1917 249 1960 esse
272 1898 488 1973 arbitrabatur,
511 1908 631 1979 portum
653 1907 757 1959 tenere
777 1898 875 1960 iussit.

148 1984 207 2046 His
240 1985 411 2047 constitutis
444 1985 533 2046 rebus
567 1993 673 2046 nactus
705 1984 846 2046 idoneam
878 1985 918 2046 ad
950 1985 1145 2065 navigan-23

81 2073 154 2133 dum
188 2079 399 2151 tempestatem
427 2072 518 2133 tertia
543 2073 606 2133 iere
634 2070 738 2153 vigilia
760 2070 851 2133 solvit
872 2070 1047 2151 equitesque
1068 2071 1106 2137 in
1116 2091 1145 2131 ιο

82 2157 254 2220 ulteriorem
286 2167 405 2238 portum
432 2158 571 2239 progredi
603 2165 634 2219 et
660 2176 754 2219 naves
782 2159 981 2219 conscendere
1009 2166 1041 2219 et
1067 2176 1101 2220 se

82 2244 168 2325 sequi
193 2244 291 2306 iussit.
336 2243 367 2305 A
391 2245 498 2344 quibus
524 2262 591 2305 cum
612 2243 704 2323 paulo
725 2244 841 2305 tardius
865 2254 947 2305 esset
969 2243 1100 2306 admini-

81 2340 226 2403 stratum,
255 2330 319 2410 ipse
346 2330 423 2392 hora
444 2324 560 2392 circiter
583 2329 642 2391 diei
664 2340 775 2410 quarta
795 2349 861 2391 cum
883 2329 989 2412 primis
1012 2331 1102 2392 navi-

81 2417 138 2478 bus
165 2417 357 2478 Britanniam
385 2416 486 2518 attigit
507 2425 598 2497 atque
620 2416 714 2478 ibim
737 2417 875 2478 omnibus
897 2417 1023 2479 collibus
1045 2436 1100 2479 ex-

81 2503 199 2582 positos
230 2503 363 2565 hostium
397 2504 499 2583 copias
533 2513 669 2565 armatas
702 2503 866 2582 conspexit.
923 2503 1016 2565 Cuius
1043 2502 1101 2566 loci
1117 2532 1146 2573 m

81 2589 158 2650 haec
179 2598 245 2650 erat
265 2597 390 2663 natura,
415 2599 504 2675 atque
525 2590 571 2651 ita
592 2589 744 2652 montibus
767 2589 903 2670 angustis
925 2609 1009 2651 mare
1026 2608 1100 2652 con-

82 2675 246 2747 tinebatur,
279 2675 325 2735 uti
351 2693 388 2735 ex
414 2671 487 2736 locis
515 2675 755 2755 superioribus
746 2696 780 2738 ιιι
806 2676 878 2737 litus
905 2676 999 2738 telum
1022 2675 1102 2759 adigi

82 2769 194 2840 posset.
226 2760 316 2821 Hunc
338 2761 377 2821 ad
399 2761 608 2840 egrediendum
630 2782 818 2842 nequaquam
839 2762 980 2824 idoneum
1003 2763 1102 2824 locum

83 2837 263 2917 arbitratus,
287 2844 358 2905 dum
379 2845 511 2926 reliquae
533 2866 628 2910 naves
651 2866 687 2908 eo
709 2849 918 2923 convenirent,
942 2849 982 2910 ad
995 2848 1102 2911 boram

84 2948 196 2991 nouam
216 2930 248 2990 in
270 2929 387 2990 ancoris
411 2932 606 3011 exspectavit.
640 2932 764 2994 Interim
786 2934 893 3015 legatis
916 2934 1103 3015 tribunisque
1119 2959 1147 2999 ιο

84 3015 212 3077 militum
246 3015 420 3076 convocatis
453 3024 485 3076 et
516 3037 595 3097 quae
628 3037 665 3079 ex
696 3018 852 3081 Voluseno
886 3029 1046 3100 cognosset
1072 3029 1104 3082 ct

82 3121 162 3183 quae
189 3101 254 3163 lieri
280 3101 373 3162 vellet
395 3102 527 3164 ostendit
549 3104 737 3183 monuitque,
765 3114 800 3166 ut
820 3105 864 3167 rei
886 3107 1025 3169 militaris
1048 3124 1102 3168 ra-

83 3189 143 3263 tio,
166 3188 296 3250 maxime
317 3196 353 3249 ut
374 3187 540 3248 maritimae
562 3206 610 3249 res
632 3189 835 3269 postularent,
863 3200 898 3252 ut
920 3212 998 3272 quae
1020 3193 1102 3254 eels-

84 3294 148 3336 rem
176 3283 268 3356 atque
293 3273 466 3336 instabilem
489 3283 603 3336 motum
624 3275 785 3350 baberent,
815 3278 855 3338 ad
884 3287 988 3339 nutum
1011 3287 1042 3340 et
1063 3278 1104 3340 ad

83 3370 202 3442 tempus
217 3378 334 3422 omnes
360 3379 409 3422 res
433 3360 531 3422 abiis
555 3360 845 3425 administrarentur.
889 3363 947 3424 His
969 3363 1102 3426 dimissis
1119 3390 1147 3431 ιο

82 3456 116 3509 ct
147 3457 272 3509 ventum
305 3456 338 3509 et
369 3455 486 3509 aestum
519 3466 579 3510 uno
612 3455 747 3527 tempore
780 3456 908 3510 nanctus
941 3452 1103 3512 secundum

206 3550 263 3616 guo
286 3543 316 3595 et
338 3531 466 3596 sublatis
489 3533 608 3597 ancoris
633 3530 748 3597 circiter
767 3533 850 3597 milia
868 3554 1015 3621 passuum
1031 3556 1103 3618 sep·

230 3639 266 3682 eo
288 3620 353 3683 loco
375 3639 553 3701 progressus
576 3629 626 3683 ost
647 3636 685 3683 ac
691 3618 798 3748 pleno
818 3620 905 3682 litore
919 3640 1014 3686 naves
1029 3642 1103 3686 con·

84 3706 191 3768 stituit.

147 3792 195 3855 At
225 3792 347 3855 barbari
379 3793 504 3874 consilio
541 3730 750 3855 Romanorum
783 3792 902 3872 cognito
934 3794 1146 3872 praemissam

84 3862 221 3959 equitatu
248 3885 279 3940 et
306 3880 481 3954 essedariis,
512 3898 570 3961 quo
598 3878 774 3959 plerumque
796 3883 904 3959 genere
925 3878 957 3940 in
978 3882 1100 3960 proeliis
1117 3907 1146 3946 ιι

85 3964 130 4026 nti
149 3973 348 4039 consumunt,
380 3965 503 4047 reliquis
530 3965 624 4046 copiis
652 3965 808 4028 subsecuti
828 3973 957 4028 nostros·
971 3967 1099 4032 naribus
