2616 4492
413 310 482 358 nm.
499 310 519 357 1.
544 310 620 358 cnr.
638 294 773 357 16-20.
1083 294 1104 359 9

90 447 300 530 potentissimo
327 449 515 522 conlocassc,
542 449 639 530 ipsum
667 467 704 510 ex
730 445 878 509 Helvetiis
900 465 1024 509 uxorem
1045 448 1105 510 ha-

90 538 177 610 bere,
210 555 341 598 sororem
373 555 411 596 ex
437 545 531 597 matre
559 545 590 597 et
615 535 800 615 propinquis
828 553 898 594 suas
927 542 1050 613 nuptum
1073 535 1106 597 in

92 623 169 685 alias
203 622 342 684 civitates
375 621 555 683 conlocasse.
604 622 721 683 Favere
754 629 785 681 et
817 639 924 699 cupere
956 620 1106 683 Helvetiis

93 717 217 789 propter
240 728 306 768 eam
330 708 532 781 adfinitatem,
567 708 666 768 odisse
693 707 784 768 etiam
808 726 861 767 suo
884 706 1003 766 nomine
1024 707 1105 768 Cae-

92 814 192 855 sarem
218 803 256 855 ,et
287 794 457 866 Romanos,
490 794 568 873 quod
596 812 695 854 eorum
723 795 853 854 adventu
881 793 1016 871 potentia
1043 794 1106 854 eius
1134 816 1149 854 s

93 881 249 942 deminuta
281 889 312 941 et
338 879 505 941 Divitiacus
527 881 622 941 frater
642 880 673 940 in
696 880 851 959 antiquum
874 879 969 940 locum
993 880 1107 958 gratiae

93 975 184 1045 atque
210 966 330 1027 honoris
358 966 399 1026 sit
425 966 592 1027 restitutus
642 965 676 1026 si
703 967 772 1045 quid
801 966 917 1026 accidat
944 964 1107 1039 Romanis,

95 1071 243 1113 summam
274 1053 306 1113 in
339 1071 422 1131 spem
449 1072 504 1132 per
529 1052 687 1113 Helvetios
710 1052 792 1132 regni
815 1052 968 1113 obtinendi
990 1051 1107 1112 venire:

93 1138 219 1218 imperio
252 1137 355 1218 populi
381 1138 512 1200 Romani
539 1158 599 1199 non
627 1140 714 1200 modo
738 1141 773 1200 de
796 1157 902 1216 regno,
937 1139 991 1198 sed
1018 1138 1110 1198 etiam

95 1226 133 1286 de
155 1243 207 1297 ea,
230 1244 319 1304 quam
341 1224 467 1298 habeat,
491 1225 588 1306 gratia
610 1226 779 1304 desperare.
816 1224 998 1303 Reperiebat
1020 1224 1108 1284 etiam
1124 1248 1152 1286 ro

95 1311 127 1372 in
159 1312 330 1389 quaerendo
359 1309 483 1386 Caesar,
518 1312 597 1390 quod
623 1311 768 1390 proelium
790 1321 927 1390 equestre
951 1311 1110 1371 adversum

95 1397 200 1478 paucis
227 1406 298 1458 ante
326 1397 532 1462 diebusesset
554 1399 680 1471 iactum,
708 1397 826 1459 initium
851 1396 913 1457 eius
935 1397 1022 1474 fugae
1044 1397 1110 1456 iac-

97 1493 163 1544 tum
192 1502 211 1544 a
236 1484 420 1563 Dumnorige
447 1492 537 1562 atque
565 1483 628 1544 eius
657 1483 804 1562 equitibus
834 1481 920 1562 (nam
949 1480 1110 1559 equitatui,

96 1588 185 1649 quem
220 1570 329 1631 anxilio
358 1569 482 1631 Caesari
511 1569 612 1630 Aedui
633 1569 793 1640 miserant,
827 1567 995 1628 Dumnorix
1020 1586 1111 1646 prae-

98 1655 201 1737 erat);
224 1674 325 1716 eorum
346 1655 416 1735 iuga
436 1655 581 1734 reliquum
604 1674 671 1716 esse
694 1655 858 1733 equitatum
880 1653 1079 1732 perterritum.
1127 1676 1154 1714 rs

164 1738 280 1810 Quibus
308 1742 396 1802 rebus
420 1741 545 1821 cognitis
568 1759 634 1801 cum
657 1742 695 1802 ad
717 1741 773 1800 has
796 1739 981 1818 suspiciones
1005 1739 1113 1799 certis·
1123 1742 1155 1794 19

99 1826 194 1887 simae
221 1847 270 1888 res
298 1827 486 1899 accederent,
519 1828 597 1906 quod
624 1847 679 1906 per
705 1827 780 1887 fines
804 1825 1012 1905 Sequanorum
1034 1824 1112 1886 Hel-

98 1912 197 1974 vetios
224 1912 424 1985 traduxisset,
452 1914 531 1992 quod
554 1912 673 1974 obsides
695 1912 773 1974 inter
795 1931 846 1973 eos
870 1913 985 1972 dandos
1008 1931 1113 1972 curas-

100 2008 163 2072 set,
199 2000 277 2078 qnod
311 2017 347 2058 ea
374 1999 475 2060 omnia
501 2018 560 2060 non
588 2000 675 2060 modo
701 1999 815 2060 iniussu
838 2018 891 2060 sno
915 2008 945 2058 et
965 1997 1114 2071 civitatis,

101 2086 156 2146 sed
183 2085 274 2145 etiarn
303 2084 497 2146 inscientibus
524 2085 599 2165 ipsis
626 2086 760 2161 iecisset,
794 2087 873 2164 quod
895 2105 913 2145 a
935 2085 1159 2166 magistratum

102 2169 277 2232 Aeduorum
310 2180 518 2246 accusaretur,
552 2171 627 2233 satis
661 2191 726 2232 esse
759 2191 868 2233 causae
901 2171 1115 2242 arbitrabatur,

105 2277 198 2337 quare
219 2258 252 2318 in
274 2277 340 2318 eum
363 2267 418 2319 aut
432 2257 497 2337 ipse
512 2258 765 2319 animadverteret
780 2268 832 2319 aut
847 2258 999 2320 civitatem
1016 2257 1116 2331 anim-

102 2345 259 2405 advertere
280 2344 405 2406 iuberet.
449 2345 506 2406 His
530 2344 666 2406 omnibus
689 2345 776 2405 rebus
798 2364 889 2405 unum
912 2344 1115 2423 repugnabat,

101 2431 181 2510 qnod
202 2430 344 2492 Divitiaci
365 2431 469 2492 lratris
492 2450 639 2491 summum
661 2430 692 2490 in
709 2431 850 2510 populum
864 2431 1034 2491 Romanum
1050 2437 1116 2489 stu·

102 2516 198 2588 dium,
222 2536 368 2577 summam
391 2517 421 2577 in
445 2537 477 2578 se
499 2516 701 2590 voluntatem,
725 2517 873 2596 egregiam
897 2519 1001 2590 iidem,
1027 2514 1116 2577 iusti·
1130 2537 1159 2577 aa

103 2601 192 2674 tiam,
227 2604 456 2682 temperantiam
490 2611 685 2682 cognoverat:
721 2622 789 2663 nam
817 2622 855 2663 ne
883 2603 945 2663 eins
973 2601 1116 2682 supplicio

102 2688 244 2749 Divitiaci
260 2689 391 2750 animum
408 2689 577 2763 offenderet,
601 2690 768 2771 verebatur.
792 2689 897 2769 Itaque
913 2689 1005 2768 prins,
1027 2706 1118 2767 quam

103 2773 259 2854 quicquam
294 2784 467 2847 conaretur,
499 2776 681 2836 Divitiacum
715 2778 753 2836 ad
782 2795 814 2836 se
841 2775 941 2836 vocari
973 2775 1056 2835 iubet
1089 2779 1118 2834 et

104 2859 286 2938 quotidianis
314 2860 526 2938 interpretibus
555 2861 677 2923 remotis
699 2881 753 2941 per
776 2860 808 2922 (l.
824 2861 978 2923 Valerium
1001 2859 1118 2921 Procil-

103 2945 180 3019 lum,
204 2945 366 3023 principem
390 2945 509 3006 Galliae
530 2947 716 3024 provinciae,
745 2947 925 3008 familiarem
947 2965 1048 3019 suum,
1072 2944 1118 3006 cui
1132 2970 1162 3008 so

105 3049 252 3092 summam
280 3031 410 3091 omnium
438 3050 537 3091 rerum
564 3033 652 3093 fidem
680 3033 825 3106 habebat,
859 3052 924 3094 cum
952 3052 986 3093 eo
1015 3031 1119 3092 conlo-

105 3116 220 3196 quitur:
245 3116 333 3177 simul
355 3117 595 3189 commonefacit,
624 3138 700 3198 quae
722 3119 788 3197 ipso
810 3128 970 3199 praesente
992 3117 1024 3179 in
1046 3136 1120 3177 con-

103 3203 174 3265 cilio
209 3201 364 3264 Gallorum
398 3204 435 3264 de
467 3203 651 3282 Dumnorige
683 3203 745 3265 sint
778 3205 873 3277 dicta,
908 3213 939 3265 et
972 3203 1120 3275 ostendit,

107 3308 183 3368 quae
205 3289 368 3368 separatim
392 3289 517 3370 quisque
539 3290 576 3350 de
598 3308 634 3349 eo
656 3290 735 3368 apud
758 3309 790 3350 se
814 3290 931 3351 dixerit.
964 3288 1048 3350 Petit
1071 3296 1120 3349 at-

106 3394 164 3456 quc
190 3374 338 3448 hortatur,
372 3384 407 3436 ut
434 3376 499 3437 sine
526 3374 589 3436 eius
618 3375 778 3436 offensione
802 3375 893 3436 animi
920 3375 967 3435 vel
993 3375 1058 3454 ipse
1085 3375 1121 3436 dc
1135 3399 1163 3438 ss

107 3480 143 3521 eo
173 3479 265 3522 causa
296 3461 416 3541 cognita
449 3470 565 3523 statuat
596 3461 644 3521 vel
671 3460 825 3522 civitatem
854 3472 985 3522 statuere
1011 3462 1121 3522 iubeat

107 3547 277 3608 Divitiacus
305 3548 407 3609 multis
436 3567 501 3610 cum
531 3547 661 3609 lacrimis
688 3547 850 3609 Caesarem
873 3547 1043 3627 complexus
1066 3548 1165 3609 ob-20

109 3651 224 3694 secrare
262 3634 373 3713 coepit,
414 3654 450 3696 ne
484 3634 557 3714 quid
589 3634 709 3714 gravius
747 3633 779 3694 in
810 3636 935 3695 fratrem
968 3642 1121 3695 statueret

109 3717 192 3780 Scire
215 3739 247 3779 se
270 3720 411 3783 illaesae
434 3741 522 3792 vera,
551 3741 605 3781 nec
626 3740 802 3800 quemquam
826 3740 864 3782 ex
886 3740 920 3781 eo
942 3710 1009 3801 plus
1033 3740 1122 3801 quam

109 3824 142 3865 se
166 3804 275 3866 doloris
298 3825 418 3886 capere,
441 3817 600 3886 propterea
622 3808 715 3886 quod,
739 3827 804 3868 cum
827 3807 892 3886 ipse
915 3807 1123 3886 gratiapluri-
1137 3831 1166 3869 ro

110 3910 192 3953 mum
215 3892 295 3953 dorni
318 3902 408 3972 atque
429 3893 460 3955 in
482 3893 598 3973 reliqua
620 3893 737 3969 Gallia,
760 3894 811 3955 ille
833 3894 986 3956 minimum
1000 3901 1124 3974 propter

109 3977 341 4040 adolescentiam
363 3988 482 4060 posset,
510 3999 564 4059 per
586 3999 619 4041 se
640 3980 799 4056 crevisset3
834 3980 939 4061 quibus
961 3980 1066 4061 opibus
1089 3997 1124 4040 ac
