2616 4492
139 274 180 339 18
501 286 619 339 carun
639 288 791 339 ramum.

200 427 296 490 Verbi
328 427 513 492 substantivi
544 431 643 492 forme
675 438 729 504 eet,
764 446 841 510 quae
874 426 925 490 vel
950 432 969 489 3
994 423 1046 494 vel
1069 442 1097 494 ÷
1115 437 1158 495 ut

127 532 252 599 ’σημείων
275 516 471 589 scribebatur,
494 517 547 590 48,
563 518 605 580 28
628 527 659 580 et
681 516 733 592 61,
751 518 791 578 38
812 516 1004 578 intercidisse
1027 516 1157 578 videtur

135 603 268 664 Pluralis
289 605 406 666 lormae
428 612 504 666 suut
491 605 573 666 tlitt
547 615 628 666 ttera
650 604 755 687 solas
773 603 914 665 lineola
905 601 1052 684 insignita
1074 620 1156 664 com·

134 691 275 770 pendium
298 701 372 752 erat.
417 691 513 752 Facili
535 692 627 773 igitur
649 691 824 754 confusione
848 690 940 810 ceteri
961 697 1040 752 suut
1058 688 1092 751 in
1108 709 1154 753 oe·

135 776 457 851 mutabilitato.

199 861 289 964 Quod
311 865 414 925 itidem
438 866 541 926 littera
562 873 630 926 tant
617 873 681 926 tum
703 865 759 926 init
736 863 812 925 tiali
835 863 1052 943 designabatur
1077 881 1156 944 pos-

133 952 269 1012 suumin
287 951 401 1031 aliquot
424 970 481 1012 sec
498 951 533 1012 cl.
549 953 614 1013 cdd
631 951 775 1012 omissum
799 960 847 1011 est
871 947 942 1024 110,
968 948 1081 1024 tut,
1107 949 1155 1011 33

134 1037 169 1099 Id
192 1038 343 1099 nonnullis
364 1029 640 1112 Ιοοὶε,ιιι72,38;
665 1036 805 1112 156,11,
827 1037 962 1100 additum
979 1036 1074 1098 estin
1090 1036 1155 1098 edd.

198 1126 227 1185 2.
264 1125 325 1186 Ubi
354 1125 454 1225 aliquo
483 1126 572 1186 modo
603 1125 713 1186 vitiata
739 1123 835 1186 oratio
863 1142 970 1204 pamm
999 1124 1156 1184 commoda
1188 1154 1196 1175 ·

132 1212 200 1272 visa
223 1222 279 1285 est,
309 1212 488 1274 omissiones
512 1222 583 1273 suut
605 1220 739 1284 secutae;
768 1212 848 1292 quod
876 1210 996 1292 quidem
1027 1209 1156 1272 maxime

133 1297 164 1360 iu
198 1299 376 1378 quibusdam
411 1300 476 1360 cdd.
510 1301 623 1360 factum
651 1308 707 1360 est
752 1297 865 1359 Omisit
891 1296 922 1358 A
947 1295 1021 1371 118,
1043 1296 1084 1360 41
1109 1297 1154 1372 ie,

134 1387 213 1465 quod
236 1387 264 1446 in
290 1386 357 1446 aliis
380 1387 446 1447 odd.
471 1395 523 1446 ant
545 1405 609 1447 cum
633 1386 828 1465 praecedente
851 1383 1059 1446 coniunctione
1084 1402 1156 1445 con·

133 1473 231 1532 iusum
255 1472 363 1535 Cumis
391 1473 534 1552 scriptum
564 1482 611 1534 est
633 1481 687 1533 aut
708 1470 729 1533 b
752 1472 868 1533 adiecto
892 1470 971 1533 Oum
993 1470 1056 1544 tu,
1083 1470 1154 1542 140,

134 1558 175 1619 33
197 1579 261 1633 mm,
289 1560 369 1639 quod
391 1559 422 1620 in
444 1574 498 1620 xx
521 1559 551 1619 in
574 1559 680 1621 ceteris
705 1559 838 1621 eiusdem
861 1557 967 1619 classis
991 1556 1058 1617 cdd.
1082 1575 1155 1618 con·

132 1664 255 1707 versum
278 1646 455 1725 permansit,
482 1644 586 1719 139,8
603 1665 756 1707 numerum
779 1645 874 1718 illum,
898 1643 947 1724 qui
970 1642 1002 1704 in
1017 1642 1044 1704 P
1060 1643 1155 1723 quiu-

133 1733 232 1794 decim
256 1734 385 1812 scriptus
409 1744 464 1794 est.
510 1733 671 1794 Eieceruut
688 1732 811 1793 AMTU
834 1729 905 1805 157,
922 1726 964 1791 26
988 1729 1154 1808 quidpiam,

133 1837 186 1899 pro
211 1839 267 1900 qno
292 1821 327 1887 ul
348 1821 437 1882 inane
461 1829 564 1881 exstat
586 1819 615 1881 in
638 1819 705 1893 PR3
728 1815 930 1891 itidem'136,
955 1815 997 1877 38
1021 1815 1156 1896 particu-

135 1905 206 1979 lam,
230 1908 313 1968 cuius
337 1909 402 1969 loco
425 1907 456 1969 in
479 1906 537 1968 PR
560 1907 667 1987 legitur
690 1906 746 1979 bis,
772 1906 823 1966 ubi
846 1904 871 1965 si
893 1904 941 1965 bl's
965 1922 983 1964 a
1006 1901 1154 1983 principio

134 1994 276 2072 scriptum
311 2003 401 2068 esset,
437 1994 520 2056 nulla
553 1994 582 2054 id
617 1993 776 2055 omittendi
809 2010 905 2053 causa
929 1990 1047 2051 luisset.
1093 1988 1156 2052 Sed

134 2079 210 2140 baec
232 2082 385 2143 hactenus.
408 2117 452 2126 -
473 2082 569 2142 Deest
589 2081 626 2141 'in
649 2080 746 2160 prima
768 2079 866 2141 classe
890 2076 962 2154 113,
982 2077 1028 2138 28
1052 2075 1156 2157 oppidi

135 2186 242 2227 nomen
265 2168 496 2242 noviodunum,
519 2167 604 2228 iuxta
626 2167 706 2247 quod
726 2166 756 2227 in
779 2166 910 2227 secunda
926 2173 1048 2225 exstant
1063 2163 1157 2225 verba

133 2255 275 2335 positum
296 2254 332 2314 iu
352 2255 419 2326 uia,
444 2255 691 2335 quemadmodum
714 2254 745 2315 in
769 2254 826 2313 hac
842 2251 929 2326 75,4
951 2258 1039 2312 iuxta
1062 2250 1157 2312 verba

135 2342 172 2402 tu
194 2361 229 2401 eo
252 2340 379 2402 ciuitate
401 2350 501 2401 exstat
523 2359 632 2402 nomen
654 2340 911 2412 tuiuuuuetita'us,
936 2356 973 2398 ex
988 2356 1047 2418 quo
1063 2335 1155 2400 Ima·

136 2427 286 2488 uueutius
314 2428 467 2488 emanavit
495 2427 525 2487 in
549 2428 614 2487 edd.
658 2427 728 2500 153,
754 2424 804 2500 39,
834 2425 884 2486 ubi
907 2424 1013 2486 diuidi
1034 2424 1157 2486 uideret

136 2514 167 2574 in
195 2515 271 2591 duem
300 2513 456 2574 diuideret
478 2513 562 2585 abiit,
593 2513 668 2574 dum
691 2513 779 2574 abest
801 2533 820 2574 a
842 2511 903 2575 RV
926 2511 1002 2572 aliis.
1048 2508 1154 2573 Omis-

137 2619 202 2662 sum
226 2611 272 2660 est
293 2599 435 2661 in'PRV
462 2597 530 2671 162,
553 2598 594 2659 34
616 2618 780 2679 pronomen
802 2599 840 2674 ei,
865 2599 944 2679 quod
965 2597 1032 2677 ipso
1056 2597 1155 2659 uomi-

138 2704 175 2748 ne
198 2686 355 2748 subiuncto
381 2685 467 2767 (uam
491 2687 611 2747 nomina
634 2687 812 2767 subiungere
835 2687 925 2746 moris
948 2684 1025 2768 fuit)
1047 2703 1154 2765 super-

137 2794 301 2835 vacaneum
337 2785 410 2835 erat.
458 2773 515 2834 TU
549 2769 599 2848 76,
630 2775 670 2834 30
703 2781 897 2854 quaestorem
931 2787 953 2833 a‘
982 2770 1091 2832 ceteris
1124 2771 1155 2833 in

137 2862 281 2940 quintum
304 2870 506 2939 permutatum
531 2861 712 2932 omiserunt3
743 2880 819 2941 quae
842 2858 912 2921 oriri
934 2859 1032 2939 potuit
1055 2867 1155 2919 muta-

138 2948 181 3008 tio
204 2948 229 3007 si
251 2948 349 3026 prima
371 2956 488 3009 tantum
513 2946 614 3009 littera
637 2947 743 3008 titulus
766 2947 816 3008 ille
839 2947 967 3025 scriptus
983 2954 1039 3007 est.
1078 2945 1156 3007 Item

138 3033 190 3107 85,
222 3032 260 3094 19
284 3033 341 3094 TU
373 3053 408 3094 eo
441 3034 563 3095 nomine
595 3043 706 3095 carent.
756 3033 850 3094 Primi
879 3034 1009 3095 editores
1038 3030 1091 3106 92,
1117 3032 1156 3094 12

139 3119 266 3194 αάιιιηι,
295 3122 374 3201 quod
401 3122 433 3181 in
456 3120 576 3201 optimis
599 3123 665 3182 cdd.
688 3122 887 3200 depravatum
921 3130 978 3196 est,
1013 3120 1158 3200 neglexe-

140 3218 219 3269 runt.
233 3206 315 3282 162,
331 3208 369 3269 41
388 3209 460 3283 eibi,
484 3207 564 3287 quod
585 3209 698 3270 amissa
720 3208 823 3269 littera
837 3229 854 3269 s
869 3214 1008 3268 servatur
1021 3206 1053 3268 in
1077 3204 1157 3287 opti-

139 3293 206 3368 mis,
241 3294 267 3356 '1
300 3295 424 3375 respuit.
470 3293 504 3356 Si
533 3313 570 3355 ex
597 3296 655 3356 fide
681 3295 789 3358 tertiae
817 3293 924 3356 classis
947 3293 1081 3356 codicum
1104 3292 1157 3366 85,

140 3381 182 3442 24
204 3400 264 3442 uno
286 3390 391 3442 tenore
413 3381 457 3442 ιιι
477 3381 538 3442 iter
559 3381 668 3442 lectum
690 3381 755 3455 luit,
779 3381 806 3442 it
827 3381 878 3443 nbi
900 3381 969 3462 plus
991 3380 1057 3442 vice
1081 3379 1156 3440 sim-

140 3467 210 3548 plici
242 3467 369 3529 scribere
403 3467 534 3548 neglexit
564 3467 704 3530 librarius
734 3466 810 3546 (vid.
832 3468 868 3529 Β.
892 3483 913 3529 1.
939 3468 993 3549 1.),
1031 3464 1157 3545 cquasi

140 3555 317 3616 destitutum
345 3553 458 3635 periret
479 3573 602 3616 necesse
624 3554 689 3616 fuit.
734 3551 802 3622 Quo
826 3555 912 3616 modo
935 3553 1056 3614 vocales
1080 3569 1157 3634 qno-

141 3660 198 3722 que
220 3641 443 3704 iutercidemnt.
486 3641 568 3703 Nam
584 3639 634 3716 72,
651 3641 671 3703 8
694 3640 745 3702 ubi
766 3640 860 3702 verba
881 3641 1057 3702 marituma
1073 3656 1159 3721 pars

141 3727 172 3789 in
193 3728 281 3791 muri
303 3735 370 3790 tum
391 3749 412 3790 u
434 3748 513 3809 pars
535 3727 653 3809 dilapsa
675 3736 756 3801 sunt,
780 3727 924 3788 reiectum
941 3735 989 3789 est
1003 3744 1032 3787 u.
1079 3723 1159 3788 Sae-

142 3814 208 3893 pius
231 3836 247 3876 e
268 3815 410 3888 deletum,
433 3824 467 3874 ut
490 3815 540 3890 13,
566 3816 617 3889 13;
642 3815 713 3888 134,
739 3814 789 3887 14;
815 3811 886 3888 163,
910 3811 962 3887 29,
986 3811 1034 3874 cui
1056 3813 1157 3874 maxi·

142 3918 190 3960 me
213 3900 344 3962 dabatur
364 3900 544 3965 detrimento
564 3902 648 3967 locus
664 3901 690 3963 si
704 3917 861 3981 perperam
878 3899 984 3962 divisis
999 3899 1101 3962 verbis
1118 3900 1159 3962 ad

144 3985 276 4049 ebenum
298 3987 425 4051 relatum
447 3997 503 4052 cst.
547 3988 655 4070 Itaque
682 3987 710 4050 si
732 3984 783 4061 36,
808 3984 1160 4070 nemausumque
