2616 4492
458 309 529 358 am.
545 309 566 357 1.
590 311 666 358 car,
681 295 819 358 25-30.
1105 294 1144 356 13

130 448 265 528 finesque
297 446 516 510 Germanorum
549 448 772 510 contenderunt.
827 443 917 516 Quod
949 447 1000 510 ubi
1033 447 1188 511 Caesares

130 535 248 609 resciit,
282 553 404 614 quorum
428 536 578 613 perfines
600 534 712 610 ierant,
741 535 793 608 iis,
817 535 861 595 uti
883 535 1092 615 conquirerent
1113 545 1144 597 et

131 622 321 695 reducerent,
356 620 382 681 si
410 621 467 682 sibi
493 621 612 701 purgati
639 640 706 682 esse
733 621 862 694 vellent,
890 621 1063 701 imperavit:
1092 639 1143 682 re-

132 707 238 768 ductos
260 707 289 768 in
312 706 442 767 hostium
465 725 587 769 numero
610 706 733 780 habuit3
756 706 886 787 reliquos
910 725 1012 768 omnes
1029 706 1144 768 obsidi-

131 794 205 868 bus,
229 793 336 866 armiS,
359 793 491 873 perfugis
514 793 633 854 traditis
657 793 686 853 iu
710 792 890 854 deditionem
912 793 1034 872 accepit.
1067 793 1172 860 Hel-5

132 879 245 954 vetius,
280 878 439 959 Tulingos,
473 878 653 959 Latobrigos
680 878 711 940 in
739 880 814 940 fines
837 898 922 952 suos,
956 881 1035 940 unde
1058 887 1146 941 erant

130 965 272 1046 proiecti,
296 965 406 1026 reverti
427 964 530 1040 iussit,
555 975 585 1027 et
607 966 686 1046 quod
709 965 846 1026 omnibus
868 965 1001 1044 frugibus
1023 964 1144 1026 arnissis

131 1051 213 1113 domi
235 1051 308 1112 nihil
331 1059 410 1126 erat,
434 1070 491 1132 quo
513 1053 623 1113 famem
645 1052 824 1126 tolerarent,
847 1049 1062 1131 Allobrogibus
1084 1050 1144 1112 inr-

131 1137 265 1218 peravit,
298 1147 332 1198 ut
363 1137 401 1198 iis
427 1138 569 1198 lrurnenti
596 1137 710 1217 copiam
742 1139 888 1199 lacerent:
922 1136 1005 1216 ipsos
1033 1136 1144 1217 oppida

130 1224 288 1303 vicosque,
322 1242 398 1302 quos
430 1223 641 1299 incenderant,
683 1224 841 1285 restituere
878 1223 976 1285 iussit.
1034 1223 1070 1284 Id
1109 1242 1145 1284 ea
1158 1252 1187 1290 ιο

132 1310 261 1371 maxime
284 1310 399 1370 ratione
420 1310 505 1384 lecit,
529 1312 608 1391 quod
629 1309 726 1370 noluit
749 1329 815 1370 eum
838 1309 948 1384 locum,
974 1310 1052 1370 unde
1067 1309 1144 1370 Hel-

131 1396 204 1457 vetii
226 1396 441 1470 discesserant,
465 1415 588 1471 vacare,
615 1416 652 1457 ne
674 1405 796 1475 propter
817 1396 981 1457 bonitatem
1005 1413 1144 1474 agrorum

130 1481 292 1556 Germani,
326 1481 377 1563 qui
399 1491 485 1542 trans
506 1481 647 1544 Rhenum
669 1481 817 1556 incolunt,
852 1501 868 1541 e
896 1481 958 1542 suis
982 1481 1089 1541 finibus
1113 1481 1144 1542 in

129 1568 337 1630 Helvetiorum
360 1569 435 1629 fines
457 1569 620 1629 transirent
642 1577 673 1630 et
694 1568 812 1628 finitimi
834 1566 952 1628 Galliac
972 1566 1144 1646 provinciae

131 1654 405 1735 Allobrogibusque
434 1664 542 1714 esseut.
585 1654 678 1715 Boios
705 1654 876 1733 petentibus
903 1652 1036 1727 Aeduis,
1065 1653 1143 1731 quod
1157 1681 1186 1720 η

129 1741 252 1820 egregia
283 1741 394 1801 virtute
427 1749 513 1800 eraut
546 1740 669 1820 cogniti,
704 1746 737 1799 ut
764 1739 796 1798 in
823 1738 931 1799 finibus
954 1739 1016 1799 suis
1038 1737 1143 1798 conlo-

131 1834 250 1899 carent,
284 1825 443 1898 concessit;
478 1825 585 1905 quibus
617 1825 661 1887 illi
694 1843 782 1905 agros
815 1825 976 1898 dederunt,
1010 1841 1144 1904 quosque

132 1920 240 1992 postea
271 1911 303 1972 in
334 1930 437 1990 parem
464 1910 537 1972 iuris
565 1911 773 1991 libertatisque
801 1910 1016 1984 condicionem,
1052 1919 1143 1990 atqua

131 1998 191 2078 ipsi
214 2007 313 2071 erant,
336 2005 519 2078 receperunt.

196 2083 232 2145 In
265 2083 371 2144 castris
398 2082 604 2144 Helvetiomm
633 2082 754 2145 tabulae
781 2089 916 2162 repertae
943 2090 1015 2142 sunt
1035 2079 1187 2145 litteris29

132 2169 258 2231 Graecis
285 2172 435 2231 confectae
458 2171 548 2231 etad
570 2167 731 2230 Caesarem
754 2168 882 2242 relatae,
910 2168 1017 2247 quibus
1040 2167 1071 2229 in
1093 2175 1143 2228 ta·
1156 2199 1184 2238 21

132 2257 211 2317 bulis
239 2256 412 2317 nominatim
440 2255 518 2317 ratio
546 2252 680 2317 coniecta
702 2267 783 2331 erat,
817 2254 869 2335 qui
890 2273 1032 2316 numerus
1055 2255 1143 2314 domo

133 2343 246 2403 exisset
268 2361 368 2403 comm
390 2342 441 2422 qui
464 2361 547 2404 arma
567 2343 644 2403 lerre
666 2352 806 2421 possent,
835 2350 866 2402 et
886 2340 957 2402 item
980 2339 1143 2419 separatim

131 2430 231 2509 pueri,
255 2447 341 2489 senes
364 2428 569 2507 mulieresque.
607 2425 742 2497 Quarum
765 2427 895 2489 onmium
912 2446 1010 2487 rerum
1026 2442 1145 2486 summa

132 2524 199 2576 erat
220 2515 351 2594 capitum
373 2514 579 2576 Helvetiorum
603 2513 684 2576 milia
706 2529 850 2587 cenum,
874 2513 1069 2592 Tulingorum
1084 2509 1142 2571 mi·
1156 2543 1185 2582 π
1261 2528 1268 2541 ’

130 2600 175 2662 lia
195 2616 329 2674 xxxvr,
351 2599 582 2681 Latobrigorum
605 2614 701 2674 x1111,
723 2600 927 2663 Rauracomm
950 2612 1057 2671 xxm,
1079 2596 1143 2657 Bo·

130 2687 227 2748 iorum
249 2701 373 2747 xxxrr:
402 2706 440 2747 ex
460 2687 522 2761 his,
552 2686 603 2767 qui
625 2706 710 2748 arma
731 2689 809 2748 ferre
830 2694 968 2766 possent,
997 2685 1038 2745 ad
1060 2682 1144 2745 milia

132 2786 299 2834 Lxxxxu,
344 2770 468 2834 Summa
490 2773 620 2833 omniurn
642 2774 762 2833 fuemnt
783 2774 823 2835 ad
846 2771 928 2833 milia
950 2782 1142 2832 cccuxvm.

132 2859 260 2932 Eorum,
289 2857 340 2937 qui
367 2858 484 2918 domurn
508 2859 673 2932 redierunt,
703 2878 793 2921 censu
819 2858 938 2932 habito,
972 2866 1007 2917 ut
1028 2856 1143 2917 Caesar

130 2945 348 3023 imperaverat,
372 2952 508 3021 repertus
531 2952 578 3004 est
600 2962 740 3006 numerus
763 2944 875 3006 milium
900 2959 919 3006 c
940 2954 971 3004 et
990 2959 1024 3003 x.
1156 2972 1186 3010 ³0

196 3029 282 3091 Bello
309 3027 516 3090 Helvetiorum
541 3030 673 3090 confecto
696 3031 788 3092 totius
810 3032 872 3091 fere
895 3029 1013 3091 Galliae
1036 3027 1186 3108 legonao

131 3116 281 3197 principes
303 3114 474 3188 civitatum,
497 3114 536 3174 ad
552 3114 711 3176 Caesarem
728 3116 910 3196 gratulatum
926 3123 1141 3176 convenerunt:

131 3202 306 3282 Intellegere
328 3220 409 3274 sese„
433 3200 555 3262 tametsi
569 3218 623 3278 pro
638 3201 790 3262 veteribus
805 3202 1012 3263 Helvetiorum
1027 3199 1143 3260 iniuriis

129 3288 235 3371 populi
256 3286 388 3349 Roma-ni
410 3286 449 3347 ab
470 3287 518 3347 his
539 3305 653 3366 poenas
669 3287 746 3348 bello
762 3288 937 3367 repetisset,
961 3295 1061 3347 tamen
1077 3303 1141 3346 eam

128 3394 194 3436 rem
222 3395 282 3436 non
309 3373 407 3434 minus
436 3389 473 3434 ex
499 3393 556 3434 usu
578 3382 677 3433 terrae
700 3371 818 3433 Galliae
841 3392 930 3454 quam
952 3371 1056 3451 populi
1076 3371 1185 3439 lto-³5

132 3462 214 3523 mani
241 3460 398 3532 accidisse,
431 3464 593 3539 propterea
620 3459 699 3542 quod
722 3479 755 3519 eo
778 3459 901 3520 consilio
924 3457 1143 3519 florentissimis

132 3547 221 3609 rebus
255 3549 358 3609 domos
387 3565 458 3606 suas
480 3545 612 3606 Helvetii
635 3545 839 3625 reliquissent,
874 3545 918 3606 uti
946 3543 1002 3605 toti
1024 3542 1144 3606 Galliae

131 3633 244 3695 bellum
265 3634 411 3694 inferrent
431 3632 613 3712 imperioque
635 3632 805 3712 potirentur
825 3631 979 3711 locumque
995 3629 1142 3694 domicilio

131 3739 172 3781 ex
193 3738 302 3800 magna
324 3718 409 3797 copia
431 3718 608 3798 deligerent,
633 3737 719 3798 quem
743 3737 780 3778 ex
803 3718 882 3779 omni
905 3716 1007 3778 Gallia
1028 3735 1142 3797 oppor-

132 3806 325 3867 tunissimum
340 3823 376 3864 ac
389 3805 656 3867 fructuosissimum
671 3804 863 3879 iudicassent,
886 3803 1078 3883 reliquasque
1099 3803 1142 3864 ci·
1156 3831 1185 3870 m

131 3893 244 3953 ritates
279 3889 489 3970 stipendiarias
516 3891 668 3951 haberent
712 3890 884 3966 Petierunt,
918 3890 963 3951 uti
990 3889 1046 3951 sibi
1068 3907 1142 3950 con-

132 3978 232 4040 cilium
258 3978 350 4040 totius
373 3975 492 4039 Galliae
513 3977 546 4038 in
567 3977 646 4038 diem
668 3970 778 4039 certam
800 3977 929 4040 indicere
950 3975 1039 4057 idque
1061 3976 1141 4038 Cae·
