2616 4492
203 273 248 340 ,32
533 290 582 337 nn
603 288 722 338 annno
746 289 902 338 caturco

206 424 363 498 audiebat,
389 434 515 506 propter
541 425 731 488 latitudinem
758 427 859 489 fossae
882 425 1015 507 murique
1036 427 1228 491 altitudinem

206 512 309 592 paucis
337 512 565 574 defendentibus
593 532 762 592 expugnare
784 533 844 575 non
866 513 972 592 potuit.
1018 514 1136 576 Castris
1159 534 1229 577 mn-

206 598 277 661 nitis
309 597 415 659 vineas
449 618 537 679 agere
571 618 705 678 quaeque
732 600 770 659 ad
794 600 1026 678 oppugnandum
1048 601 1116 662 usui
1139 610 1229 663 erant

206 704 380 764 comparare
402 686 507 765 coepit
539 685 664 746 Interim
687 685 783 746 omnis
799 705 836 745 ex
850 687 921 765 iuga
937 685 1131 748 Suessionum
1147 688 1229 748 mul-

176 771 301 833 stitudo
323 771 355 832 in
378 772 520 851 oppidum
547 771 685 851 proxima
706 781 793 833 nocte
815 772 964 833 convenit.
1010 773 1156 834 Celeriter
1176 775 1228 834 vi-

205 858 270 920 neis
294 859 334 918 ad
356 859 496 937 oppidum
519 858 610 932 actis,
634 877 742 938 aggere
764 857 841 919 iacto
864 858 1058 938 turribusque
1073 859 1226 920 constitu-

204 945 245 1006 tis
273 944 479 1024 magnitudine
502 964 639 1024 operum,
668 963 746 1023 quae
769 962 864 1024 neque
886 945 1027 1006 viderant
1049 955 1120 1007 ante
1143 944 1228 1008 Galli

205 1050 301 1111 neque
323 1030 495 1104 audierant,
519 1039 550 1091 et
572 1029 722 1092 celeritate
745 1030 951 1092 Romanorum
966 1032 1096 1111 permoti
1111 1032 1228 1112 legatos

206 1118 246 1177 ad
278 1116 441 1179 Caesarem
469 1118 505 1178 de
534 1117 684 1178 deditione
713 1117 836 1179 mittunt
858 1126 890 1179 et
910 1119 1084 1196 petentibus
1105 1119 1228 1194 Remis,

165 1207 198 1259 13
207 1210 240 1263 ut
262 1212 519 1275 conservarentur,
554 1203 727 1282 impetrant.
776 1203 891 1264 Caesar
919 1205 1073 1266 obsidibus
1097 1206 1228 1284 acceptis

163 1312 186 1350 ιι
205 1288 311 1369 primis
344 1289 476 1350 civitatis
511 1297 601 1369 atque
633 1288 728 1368 ipsius
763 1288 880 1350 Galbae
908 1291 986 1370 regis
1015 1291 1132 1352 duobus
1154 1291 1227 1352 filiis

205 1375 356 1454 armisque
379 1376 515 1437 omnibus
538 1394 576 1435 ex
598 1375 707 1454 oppido
729 1375 848 1436 traditis
870 1376 902 1436 in
924 1377 1106 1438 deditionem
1129 1376 1227 1439 Sues-

205 1460 307 1523 siones
330 1462 443 1541 accepit
465 1462 682 1541 exercitumque
702 1462 733 1522 in
748 1462 925 1523 Bellovacos
946 1464 1036 1524 ducit.
1076 1461 1137 1532 Qui
1159 1483 1228 1525 cnm

206 1567 238 1608 se
261 1567 376 1627 suaque
399 1549 499 1609 omnia
522 1548 552 1608 in
576 1548 717 1627 oppidum
739 1548 990 1627 Bratuspantium
1012 1550 1225 1622 contulissent,

162 1657 190 1696 rs
205 1643 296 1714 atque
330 1635 368 1695 ab
402 1653 436 1695 eo
470 1635 580 1714 oppido
609 1633 724 1696 Caesar
751 1653 818 1695 cum
846 1635 977 1696 exercitu
1007 1635 1121 1698 circiter
1144 1635 1228 1697 milia

204 1740 347 1800 passuum
371 1720 501 1800 quinque
524 1721 659 1793 abesset,
683 1739 786 1781 omnes
810 1720 939 1782 maiores
962 1731 1036 1783 natu
1058 1741 1097 1783 ex
1116 1723 1227 1801 oppido

205 1807 317 1888 egressi
350 1826 458 1868 manus
491 1807 530 1868 ad
563 1807 724 1869 Caesarem
752 1807 874 1868 tendere
903 1816 934 1868 et
960 1827 1034 1869 voce
1056 1808 1227 1888 significare

206 1903 367 1972 coeperunt
393 1913 461 1954 sese
487 1893 519 1953 in
544 1893 607 1954 eius
630 1894 720 1955 fidem
743 1913 778 1954 ac
798 1901 982 1972 potestatem
1004 1895 1107 1955 venire
1130 1912 1228 1975 neque

205 1988 310 2040 contra
331 1979 474 2058 populum
497 1979 666 2041 Romanum
690 1978 782 2041 armis
806 1981 994 2041 contendere.
1041 1981 1134 2055 Item,
1158 2000 1227 2042 cum

162 2089 192 2127 eo
205 2066 244 2125 ad
273 2064 414 2143 oppidum
438 2065 615 2126 accessisset
637 2074 795 2144 castraque
816 2066 860 2127 ibi
881 2075 1021 2145 poneret,
1051 2067 1136 2147 pueri
1156 2086 1228 2129 mu-

205 2149 353 2229 lieresque
386 2169 423 2211 ex
456 2170 540 2211 muro
573 2151 674 2229 passis
703 2152 840 2212 manibus
869 2172 923 2214 sno
951 2172 1034 2214 more
1060 2172 1163 2232 pacem
1187 2154 1226 2216 ab

164 2236 353 2299 14Romanis
379 2236 538 2316 petierunt.
581 2237 643 2298 Pro
665 2237 713 2297 his
735 2237 903 2299 Divitiacus
925 2275 969 2284 -
991 2258 1061 2300 nam
1077 2246 1146 2319 post
1162 2240 1228 2301 dis·

206 2341 323 2384 cessum
350 2322 511 2403 Belgarum
539 2322 672 2384 dimissis
693 2322 869 2386 Aeduomm
897 2325 990 2404 copiis
1019 2327 1059 2386 ad
1086 2345 1153 2387 enm
1175 2345 1227 2386 re-

205 2417 340 2471 verterat
361 2445 404 2454 -
426 2409 499 2470 lacit
522 2410 630 2470 verba:
653 2409 936 2472 Bellovacos-omni
958 2421 1092 2491 tempore
1114 2412 1145 2472 in
1167 2413 1227 2474 fide

162 2519 190 2558 rs
206 2504 296 2576 atque
328 2495 462 2556 amicitia
489 2495 620 2557 civitatis
641 2494 769 2558 Aeduae
790 2497 898 2570 fuisse3
931 2496 1078 2577 impulsos
1101 2499 1139 2560 ab
1162 2498 1226 2560 suis

204 2581 403 2662 principibus,
438 2581 488 2662 qui
516 2581 649 2643 dicerent
675 2582 800 2643 Aeduos
823 2584 861 2644 ab
884 2583 1016 2645 Caesare
1038 2585 1070 2644 in
1093 2585 1226 2646 servitu-

205 2677 267 2730 tem
295 2669 431 2729 redactos
455 2687 559 2730 ornnes
581 2668 776 2749 indignitates
799 2670 1055 2749 contumeliasque
1077 2673 1226 2750 perferre,

206 2764 237 2816 et
270 2754 308 2814 ab
341 2754 459 2816 Aeduis
489 2755 633 2816 defecisse
661 2764 692 2816 et
718 2755 826 2834 populo
849 2755 987 2817 Romano
1009 2756 1122 2817 bellum
1143 2756 1228 2819 intu-

204 2840 285 2902 lisse.
330 2837 391 2908 Qui
419 2840 481 2901 eius
509 2841 626 2902 consilii
653 2841 801 2922 principes
824 2842 968 2916 fuissent,
997 2844 1076 2923 quod
1104 2842 1227 2905 intelle-

161 2951 191 2989 eo
205 2934 326 3008 gerent,
355 2935 500 3005 quantam
523 2926 726 2989 calamitatem
749 2928 865 2990 civitati
887 2928 1077 3004 intulissent,
1099 2929 1131 2991 in
1152 2930 1226 2991 Bri-

204 3013 341 3076 tanniam
374 3013 551 3093 profugisse.
595 3014 704 3076 Petere
737 3034 796 3075 non
824 3014 921 3076 solum
943 3014 1136 3089 Bellovacos,
1172 3017 1227 3078 sed

205 3099 298 3163 etiam
331 3118 385 3178 pro
418 3098 465 3160 his
492 3099 634 3174 Aeduos,
668 3108 703 3161 ut
730 3120 786 3162 sna
818 3101 978 3162 clementia
1011 3121 1047 3162 ac
1079 3121 1225 3164 mansue-

203 3187 306 3249 tudine
327 3186 359 3247 in
383 3205 433 3247 eos
456 3194 570 3247 utatur.
616 3185 705 3256 Quod
728 3187 754 3248 si
775 3187 891 3261 iecerit,
919 3187 1095 3249 Aeduorum
1118 3196 1226 3250 aucto-

203 3273 323 3335 ritatem
346 3273 428 3352 apud
450 3291 553 3334 omnes
575 3273 685 3354 Belgas
702 3273 967 3353 amplificatum,
992 3294 1118 3355 quornm
1135 3275 1225 3336 auxi·

160 3383 189 3422 aa
203 3360 252 3421 liis
275 3368 366 3439 atque
389 3358 511 3439 opibus,
536 3360 562 3421 si
584 3379 644 3441 qna
665 3360 748 3421 bella
762 3359 937 3434 inciderint,
961 3368 1133 3423 sustentare
1149 3381 1225 3423 con-

162 3450 194 3499 15
204 3445 328 3508 suerint.
373 3444 488 3507 Caesar
510 3446 632 3508 honoris
654 3446 799 3507 Diviciaci
821 3455 911 3526 atque
933 3446 1109 3508 Aeduorum
1132 3467 1226 3510 causa

204 3552 271 3594 sese
305 3551 357 3592 eos
389 3531 421 3592 in
454 3533 543 3594 fidem
576 3542 765 3612 recepturum
799 3542 830 3593 et
856 3543 1102 3595 conservaturum
1131 3534 1224 3609 dixit3

204 3619 283 3698 qnod
317 3626 383 3679 erat
416 3618 523 3680 civitas
552 3638 661 3698 magna
687 3618 766 3680 inter
792 3618 903 3699 Belgas
931 3621 1110 3683 anctoritate
1133 3629 1224 3701 atque

204 3704 359 3765 hominum
381 3704 570 3767 multitudine
592 3705 779 3785 praestabat,
803 3714 959 3777 sexcentos
982 3707 1104 3769 obsides
1125 3726 1224 3788 popo-

160 3814 190 3853 so
203 3789 268 3851 scit.
313 3789 370 3850 His
402 3791 521 3853 traditis
555 3792 751 3871 omnibusque
778 3792 871 3854 armis
899 3812 937 3854 ex
964 3793 1073 3873 oppido
1095 3793 1224 3856 conlatis

203 3875 242 3936 ab
266 3893 301 3936 eo
322 3874 388 3936 loco
410 3876 441 3938 in
464 3878 539 3940 fines
561 3877 782 3941 Ambianorum
803 3878 956 3961 pervenit;
979 3879 1031 3961 qui
1052 3899 1086 3943 se
1107 3899 1225 3962 suaque

205 3960 306 4024 omnia
327 3960 392 4023 sine
415 3982 498 4026 mora
520 3964 707 4027 dediderunt
