2616 4492
212 252 274 315 144
551 264 599 312 nn
621 265 738 312 nunno
764 265 918 313 omniuo

210 407 357 470 iiciuntur.
402 404 448 467 At
474 404 598 466 Marcus
626 404 779 467 Antonius
808 413 839 466 et
865 403 962 466 Gaius
991 405 1161 467 Trebonius
1190 406 1237 467 le-

212 494 291 574 gati,
315 492 423 572 quibus
445 491 504 552 hae
526 500 630 570 partes
653 493 693 553 ad
716 492 933 553 defendendum
950 492 1151 567 obvenerant,
1176 513 1239 572 qua

213 599 250 641 ex
276 588 363 658 parte
391 586 512 638 nostros
539 578 634 657 premi
661 578 886 650 intellexerant,
915 577 963 638 bis
992 579 1104 640 auxilio
1128 599 1166 640 ex
1187 580 1238 641 ul-

169 666 373 728 82teri0ribus
400 663 532 725 castellis
561 665 703 725 deductos
731 665 968 725 summittebant
1012 665 1093 725 Dum
1116 665 1237 746 longius

184 773 197 809 s
213 753 252 815 ab
275 751 438 813 munitione
461 751 589 811 aberant
611 750 708 824 Galli,
731 751 799 830 plus
815 751 1006 812 multitudine
1020 751 1148 812 telomm
1162 772 1238 832 pro-

214 839 372 910 ficiebant3
405 844 605 916 posteaquam
632 837 755 917 propius
784 847 1005 908 successerunt,
1041 847 1094 899 aut
1121 858 1154 900 se
1178 840 1238 900 sti-

213 925 302 986 mulis
336 924 526 1001 inopinantes
554 924 719 984 induebant
747 924 852 984 autin
875 924 995 984 scrobes
1018 923 1110 985 delati
1132 934 1239 986 trans-

213 1011 406 1072 fodiebantur
428 1017 482 1070 aut
505 1028 542 1069 ex
562 1009 644 1071 vallo
668 1028 704 1070 ac
726 1010 857 1070 turribus
880 1010 999 1070 traiecti
1020 1010 1091 1089 pilis
1112 1012 1239 1072 murali-

213 1097 271 1158 bns
299 1095 470 1157 interibant.
514 1095 622 1156 Multis
651 1095 782 1175 undique
805 1095 979 1157 vulneribus
1002 1097 1131 1176 acceptis
1154 1098 1240 1160 nulla

171 1204 200 1241 ro
214 1182 380 1244 munitione
401 1190 560 1261 perrupta,
585 1201 651 1242 cum
672 1180 724 1241 lux
745 1183 915 1261 adpeteret,
938 1183 1042 1256 veriti,
1065 1202 1103 1243 ne
1127 1185 1166 1245 ab
1189 1184 1239 1245 la-

214 1279 278 1331 tere
306 1277 411 1348 aperto
440 1288 478 1329 ex
505 1268 706 1347 superioribus
735 1268 842 1329 castris
866 1269 1019 1348 emptione
1041 1268 1240 1332 circumveni-

214 1363 328 1430 rentur,
363 1373 396 1415 se
427 1356 466 1415 ad
494 1374 565 1415 suos
588 1363 772 1434 receperunt.
822 1353 868 1416 At
889 1355 1061 1428 interiores,
1091 1357 1163 1417 dum
1187 1377 1239 1429 ea,

215 1461 293 1522 quae
321 1461 340 1503 a
366 1440 614 1522 Vercingetorige
647 1441 686 1501 ad
715 1441 901 1519 eruptionem
928 1451 1113 1521 praeparata
1136 1451 1239 1516 erant,

215 1529 387 1608 proferunt,
420 1527 536 1607 priores
568 1528 668 1588 fossas
703 1527 840 1606 explent,
875 1527 987 1588 diutius
1013 1528 1045 1588 in
1073 1528 1120 1589 his
1148 1531 1240 1591 rebus

173 1635 200 1672 rs
216 1613 462 1676 administrandis
485 1613 594 1675 morati
620 1613 705 1692 prius
728 1633 799 1675 suos
822 1613 997 1675 discessisse
1020 1624 1239 1695 cognoverunt,

216 1721 307 1780 quam
340 1700 554 1762 munitionibus
587 1699 874 1780 adpropinquarent.
918 1700 969 1762 Ita
1001 1720 1033 1762 re
1065 1701 1178 1763 inlecta
1209 1703 1241 1764 in

216 1788 359 1868 oppidum
380 1795 575 1848 reverterunt.

173 1873 208 1924 83
280 1873 335 1935 Bis
359 1893 467 1954 magno
490 1892 555 1934 cum
579 1872 759 1933 detrimento
781 1871 893 1951 repulsi
916 1871 1013 1946 Galli,
1036 1872 1108 1953 qnid
1132 1884 1241 1954 agant,

218 1959 394 2032 consulunt3
423 1958 554 2020 locorum
581 1958 697 2038 peritos
721 1957 880 2031 adhibent;
914 1977 952 2018 ex
978 1958 1026 2020 his
1054 1961 1243 2039 superiorum

174 2067 203 2104 uo
217 2054 385 2106 castrorum
413 2045 491 2106 situs
520 2045 760 2124 munitionesque
788 2054 978 2125 cognoscunt
1028 2045 1107 2107 Erat
1128 2066 1149 2107 a
1171 2067 1243 2128 sep-

217 2131 418 2192 tentrionibus
446 2130 546 2204 collis,
575 2150 663 2210 quem
690 2139 814 2210 propter
841 2131 1078 2210 magnitudinem
1100 2133 1241 2195 circuitus

217 2236 306 2297 opere
329 2216 529 2296 circumplecti
551 2236 611 2278 non
633 2225 795 2296 potuerant
817 2218 925 2278 nostri:
955 2218 1124 2280 necessario
1146 2239 1244 2298 paene

216 2303 318 2382 iniquo
342 2303 405 2363 loco
430 2312 460 2362 et
481 2301 589 2364 leniter
611 2303 718 2363 declivi
741 2312 841 2363 castra
860 2305 1004 2364 fecerunt
1040 2305 1127 2366 Haec
1147 2305 1244 2368 Gaius

218 2388 372 2451 Antistius
400 2388 535 2468 Reginus
566 2397 598 2449 et
625 2388 721 2449 Gaius
745 2388 890 2450 Caninius
912 2389 1039 2451 Rebilus
1062 2392 1155 2471 legati
1177 2412 1246 2454 cnm

174 2499 203 2536 aa
219 2476 335 2538 duabus
362 2474 529 2555 legionibus
560 2475 746 2536 obtinebant.
791 2474 928 2556 Cognitis
956 2495 1009 2556 per
1037 2478 1245 2557 exploratores

218 2561 390 2642 regionibus
414 2563 503 2623 duces
526 2561 660 2622 bostium
681 2577 731 2622 Lx
753 2561 836 2623 milia
858 2581 896 2623 ex
918 2562 999 2624 omni
1020 2583 1143 2627 numero
1167 2567 1245 2628 deli-

219 2656 294 2729 gunt
316 2667 418 2708 earum
442 2647 626 2722 civitatium,
650 2667 727 2727 quae
750 2648 912 2710 maximam
934 2649 1056 2711 virtutis
1066 2651 1244 2730 opinionem

218 2734 388 2806 habebant;
412 2733 483 2813 quid
507 2753 623 2814 qnoque
644 2743 736 2813 pactu
749 2734 805 2815 agi
825 2735 960 2815 placeat,
985 2735 1099 2798 occulte
1119 2737 1199 2800 inter
1213 2758 1247 2800 se

219 2820 422 2892 constituunt;
446 2820 574 2880 adeundi
601 2830 724 2900 tempu·
741 2820 902 2897 demina,
926 2823 1155 2887 mim-meridies
1176 2845 1245 2886 esse

178 2923 205 2960 ³0
219 2907 367 2968 videatur.
401 2905 459 2967 His
482 2906 575 2986 copiis
597 2904 917 2977 Vercassivellaunum
938 2907 1128 2983 Arvernum,
1151 2930 1246 2972 uuum

219 3012 258 3056 ex
286 3001 429 3073 quattuor
457 2993 598 3067 ducibus,
632 2994 831 3074 propinquum
852 2994 1126 3077 Vercingetorigis,
1154 3016 1246 3077 prae-

219 3079 331 3142 ficiunt.
376 3079 433 3141 Ille
455 3098 493 3140 ex
513 3079 622 3141 castris
644 3081 743 3159 prima
764 3080 868 3161 vigilia
895 3100 1033 3162 egressus
1054 3098 1149 3163 prope
1171 3102 1245 3146 oon·

218 3169 295 3229 lecto
330 3165 386 3226 sub
418 3165 515 3227 lucem
541 3165 647 3227 itinere
675 3177 747 3246 post
774 3176 906 3228 montem
929 3187 961 3229 se
983 3168 1145 3231 occultavit
1166 3170 1248 3232 mili-

219 3263 328 3332 tesque
358 3270 395 3313 ex
418 3261 564 3314 nocturno
586 3252 691 3314 labore
714 3273 781 3315 sese
803 3255 922 3315 reficere
944 3254 1042 3316 iussit
1088 3255 1163 3317 Cum
1185 3257 1248 3318 iam

178 3355 207 3394 ea
221 3338 361 3401 meridies
377 3338 620 3419 adpropinquare
635 3339 797 3414 videretur,
821 3341 861 3401 ad
876 3359 913 3402 ea
927 3352 1038 3414 castra,
1061 3361 1140 3421 qnae
1156 3362 1250 3423 snpra

219 3424 511 3498 demonstravimus,
546 3426 714 3498 contendit,
744 3427 906 3506 eodemque
933 3437 1070 3508 tempore
1096 3428 1249 3508 equitatus

219 3513 261 3574 ad
284 3518 466 3591 campestres
490 3510 670 3573 munitiones
693 3513 835 3573 accedere
858 3521 889 3574 et
910 3514 1044 3594 reliquae
1066 3514 1170 3594 copiae
1191 3534 1248 3595 pro

220 3598 330 3660 castris
353 3617 420 3658 sese
444 3599 603 3659 ostendere
626 3607 794 3678 coeperunt
976 3614 980 3621 ’

177 3688 213 3737 84
286 3683 519 3764 Vercingetorix
552 3703 590 3745 ex
623 3703 691 3746 arce
722 3682 850 3746 Alesiae
883 3705 954 3747 suos
987 3687 1177 3767 conspicatus
1211 3706 1250 3749 ex

178 3792 208 3831 to
223 3769 332 3849 oppido
357 3770 526 3851 egreditur,
545 3778 659 3842 crates,
682 3770 849 3851 longurios,
872 3774 1038 3849 musculos,
1061 3774 1153 3835 falces
1174 3773 1249 3835 reli-

221 3873 357 3935 quaque,
386 3875 462 3935 quae
490 3856 655 3936 eruptionis
678 3875 770 3918 causa
792 3869 969 3937 paraverat,
997 3862 1119 3941 profert.
1165 3859 1252 3939 Pug-

222 3948 313 4002 natur
339 3961 397 4003 uno
420 3950 555 4023 tempore
577 3942 715 4005 omnibus
738 3942 828 4018 locis,
856 3953 946 4026 atque
969 3948 1071 4009 omnia
1091 3955 1251 4028 temptan-
