2616 4492
131 215 170 263 vl

132 361 221 432 primo
249 361 363 411 deerant
392 389 428 398 -
459 373 522 410 nam
551 373 600 418 sex
628 355 735 408 omnino
762 356 829 410 folia
849 357 990 426 perierunt
1015 389 1050 398 -
1076 373 1110 410 ea
1131 357 1160 408 in

133 445 257 501 Parisino
279 445 397 498 secundo
420 441 511 511 (quem
533 444 694 495 Thuaneum
716 440 839 511 appello)
861 443 975 495 conferri
997 442 1076 495 iussit
1091 444 1160 511 Nip-

135 535 254 603 perdey,
282 530 378 583 ceteris
406 545 470 581 vero
492 529 558 581 belli
581 527 678 580 Gallici
702 528 766 580 locis
788 528 936 597 scripturas
958 529 1039 581 huius
1062 529 1161 581 codicis

136 620 173 673 ab
195 616 354 671 Achaintrio
378 619 517 675 enotatas,
546 614 627 683 idque
650 619 682 665 ut
702 613 754 682 ipsi
777 614 886 667 videtur
907 614 1161 685 neglegentissime,

136 721 166 758 00
198 701 322 772 posuisse
354 706 545 753 commemorat
572 701 608 768 (p.
632 699 672 752 43
697 706 725 752 et
748 699 807 766 50).
857 703 958 754 Verum
986 701 1057 753 enim
1084 717 1163 763 vero,

137 789 186 844 ubi
213 791 308 841 deerat
336 786 474 840 Parisinus
497 786 615 855 primus,
643 803 696 838 non
718 791 775 839 tam
797 787 915 840 codicem
938 789 1073 839 secundae
1095 788 1164 840 olas-

139 876 190 939 sis,
213 891 296 944 quam
318 872 402 926 alium
423 873 556 942 aliquem,
587 871 633 942 qui
656 872 776 925 eiusdem
799 873 905 943 generis
928 879 1012 934 esset,
1044 873 1165 926 conferre

140 980 156 1015 e
178 977 208 1013 re
230 965 296 1014 erat.
327 960 475 1012 Praeterea
496 961 531 1010 de
552 960 671 1012 secunda
692 960 778 1011 classe
800 975 834 1012 ea
854 963 962 1012 tantum
984 960 1093 1029 cognita
1115 960 1166 1011 ha·

141 1047 203 1099 buit
230 1046 271 1098 vir
299 1044 477 1106 clarissimus,
506 1061 577 1114 quae
606 1046 681 1114 apud
708 1045 776 1098 alios
799 1045 916 1098 editores
938 1045 982 1097 hio
1002 1046 1059 1097 illio
1081 1047 1166 1098 adno-

141 1137 203 1187 tata
223 1132 377 1192 invenerat,
399 1132 505 1183 nullum
526 1135 618 1184 autem
634 1131 752 1183 codicem
767 1135 856 1184 totum
871 1131 1002 1184 exhibuit
1037 1132 1167 1194 111101110-

142 1225 202 1272 tum
224 1222 280 1279 est,
307 1222 340 1268 ut
361 1234 449 1286 neque
471 1217 530 1286 ipse
551 1217 622 1269 hanc
643 1218 756 1270 classem
777 1218 862 1285 plane
884 1224 1057 1289 cognosceret
1079 1234 1169 1286 neque

143 1304 219 1367 aliis,
254 1308 423 1373 quantopere
452 1303 584 1373 fugienda
612 1307 696 1365 esset,
725 1305 911 1372 persuaderet.
954 1305 1052 1372 Itaque
1080 1305 1170 1356 multa
1216 1351 1219 1360 .

144 1392 300 1445 etiamnunc
331 1393 475 1442 servantur
507 1406 614 1450 eorum,
641 1405 712 1457 quae
739 1406 757 1442 a
782 1390 903 1442 Inoundo
932 1389 995 1442 inde
1022 1389 1171 1458 importata

144 1482 215 1531 sunt.
258 1477 302 1531 Ex
330 1475 434 1544 primae
456 1480 549 1528 autem
571 1475 663 1528 classis
682 1475 818 1528 codicibus
834 1477 1113 1529 Amstelodanrensem
1129 1475 1171 1527 iu·

145 1569 188 1617 sto
216 1562 303 1633 pluris
330 1561 471 1631 putavisse
499 1578 560 1614 eum
588 1561 646 1614 sine
673 1562 732 1615 ulla
755 1561 925 1614 dubitatione
948 1561 1168 1615 confirmaverim.

144 1648 189 1705 De
211 1667 264 1718 quo
286 1650 355 1702 haec
377 1647 452 1701 illius
474 1649 559 1701 verba
579 1652 643 1700 sunt
665 1647 702 1716 (p.
720 1646 783 1712 ael:
806 1648 871 1701 ”Hic
894 1651 981 1701 codex
995 1647 1115 1700 omnium
1130 1652 1173 1699 est

145 1734 401 1806 praestantissimus.
445 1734 517 1787 Nam
539 1739 568 1786 et
589 1735 662 1786 solus
685 1736 824 1802 complura
844 1739 918 1786 recte
938 1735 1040 1803 scripta
1054 1732 1174 1786 servavit

147 1828 176 1875 et
202 1838 285 1890 saepe
312 1838 374 1873 oum
401 1819 538 1872 codicibus
565 1819 748 1888 interpolatae
774 1820 894 1874 familiae
921 1821 949 1872 in
978 1820 1010 1872 iis
1033 1819 1174 1888 scripturis

148 1906 295 1967 consentit,
329 1922 401 1974 quae
433 1904 584 1957 necessario
617 1910 682 1958 sunt
714 1908 891 1975 sequendae.’'
940 1907 1077 1974 Exempla
1109 1921 1174 1957 vero

149 2010 203 2046 non
226 1991 437 2060 subiungrmtur.
474 1989 599 2044 Servavit
613 1990 721 2058 quidem
737 1992 996 2044 Amstelodamensis
1012 1993 1085 2044 solus
1100 1997 1176 2043 recte

149 2078 252 2146 scripta
286 2077 360 2128 haud
392 2091 497 2144 pauca,
530 2092 625 2128 verum
652 2078 739 2128 multo
766 2078 849 2145 plura
876 2077 1008 2130 eiusmodi
1036 2077 1175 2130 Parisinus

151 2168 179 2217 et
201 2162 247 2232 qui
268 2161 368 2230 reliqui
390 2161 511 2213 eiusdem
534 2161 634 2213 ordinis
657 2166 727 2215 sunt
766 2164 844 2224 Quod
867 2162 890 2215 si
912 2162 972 2232 quis
994 2165 1038 2216 vel
1060 2163 1176 2216 minimis

151 2248 233 2302 rebus
256 2247 420 2316 computatis
449 2251 557 2299 centum
580 2251 608 2298 et
629 2247 828 2318 quinquaginta
849 2249 914 2301 locis
936 2255 1077 2318 praestare
1098 2250 1176 2302 illum

152 2333 329 2397 contenderit,
352 2335 388 2386 ad
410 2334 530 2386 calculos
551 2338 664 2387 vocatus
681 2335 810 2386 ducentos
825 2335 942 2403 amplius
959 2341 987 2387 et
1001 2336 1179 2406 septuaginta

152 2423 241 2483 locos,
264 2420 312 2472 ubi
334 2420 379 2473 hio
400 2419 561 2481 antecellat,
584 2420 749 2472 monstrabo.
785 2420 934 2474 Rarissime
955 2438 1021 2474 sane
1043 2423 1179 2475 Amstelo-

153 2505 288 2561 damensis
321 2523 383 2559 011111
410 2505 548 2559 codicibus
578 2504 760 2574 interpolatae
786 2507 907 2560 familiae
935 2507 1068 2560 consentit
1095 2508 1123 2560 in
1145 2507 1178 2560 iis

153 2592 309 2662 scripturis,
343 2608 428 2662 quae,
461 2597 494 2644 nt
520 2596 614 2644 nostra
642 2591 751 2660 quidem
773 2593 826 2646 fert
847 2593 952 2661 opinio,
985 2595 1180 2662 praeferendae

154 2679 222 2742 sint,
256 2695 339 2747 saepe
366 2678 394 2731 in
421 2677 468 2741 iis,
501 2694 573 2746 quae
602 2677 769 2731 accuratiore
795 2679 894 2754 iudicio
916 2680 987 2732 facto
1010 2679 1181 2733 adulterinae

154 2764 252 2818 merito
279 2764 444 2827 habeantur,
472 2780 561 2832 neque
585 2764 638 2816 1100
660 2763 767 2817 0111111110
789 2783 956 2836 magnopere
977 2767 1181 2819 commendatur

155 2849 414 2904 Amstelodamensis
446 2854 546 2912 noster,
579 2851 652 2918 quod
679 2849 718 2913 is,
750 2851 795 2905 vel
822 2851 845 2905 si
873 2851 922 2922 qui
943 2852 1007 2905 huic
1029 2852 1180 2905 simillimus

156 2935 205 3000 sit,
231 2940 342 3005 praeter
369 2940 472 2989 ceteros
495 2934 646 2988 consentiat
667 2953 728 2989 oum
749 2936 920 3007 interpolatis
930 2931 964 3005 ²)
1001 2939 1125 2991 Ceterum
1153 2938 1181 2989 id

157 3116 219 3179 qnid
236 3116 263 3164 in
281 3116 335 3179 ipso
352 3129 437 3172 versu,
454 3130 504 3165 non
524 3115 608 3174 item),
626 3114 738 3165 adhaec
757 3121 843 3164 autem
862 3116 968 3164 falsum:
997 3111 1039 3169 62,
1061 3112 1092 3160 12
1110 3119 1183 3162 ute·

157 3185 285 3242 bantur,
309 3182 381 3242 63‚8
399 3183 548 3233 facturos
566 3198 651 3242 0000,
674 3183 717 3242 80,
730 3182 764 3233 37
782 3187 1001 3246 procurreret,
1024 3180 1095 3234 828
1114 3196 1185 3231 0000

159 3253 329 3316 subsequi,
347 3252 437 3310 8115
455 3267 487 3301 00
506 3254 626 3302 adeam
644 3267 722 3307 rem,
743 3249 1106 3308 103161011010111110111,
1127 3249 1185 3307 123,

158 3318 193 3372 37
211 3322 413 3379 eivitatium,
434 3319 521 3379 151‚7
540 3336 682 3379 suorum,
702 3313 1153 3375 151361111111111111111.

230 3399 251 3466 ³)
269 3403 405 3468 Sequimur
427 3405 467 3455 his
485 3407 547 3456 locis
564 3405 725 3470 paucissimis
743 3402 839 3451 codices
857 3401 917 3449 illos
935 3401 1007 3450 ATU
1026 3405 1185 3452 consentien-

159 3477 211 3520 tes:
230 3470 321 3530 &aaa
338 3475 484 3533 conanti,
505 3471 760 3533 103,11111011110,
786 3466 986 3529 1231110111,
1013 3470 1070 3528 134,
1084 3471 1116 3520 29
1135 3487 1186 3522 00-

160 3539 358 3590 hortabatur
384 3541 437 3602 (ubi
462 3544 489 3591 in
512 3543 659 3604 imperfecto
682 3539 773 3588 saltem
797 3538 984 3602 consentiunt),
1012 3539 1071 3597 145,
1084 3541 1118 3588 24
1136 3556 1187 3588 co·

161 3607 326 3666 hortatur,
346 3608 404 3669 162,
417 3611 451 3660 22
468 3610 670 3666 Bellovacis,
692 3605 797 3664 162‚34
815 3607 866 3670 qui
884 3608 912 3655 ei
931 3609 1049 3665 omnia,
1069 3609 1187 3671 quodam·

162 3674 236 3723 modo
260 3677 337 3726 etiam
362 3679 419 3737 145,
432 3678 465 3728 41
484 3675 794 3741 undequadraginta
814 3675 867 3735 (ubi
885 3676 911 3725 in
931 3675 978 3724 TU
996 3693 1051 3726 10111
1068 3678 1095 3725 111
1115 3691 1188 3740 supe-

162 3743 254 3792 riorem
277 3758 376 3795 versum
400 3748 522 3797 reiectum
541 3745 598 3810 001).
636 3744 735 3804 Quibus
752 3744 854 3807 quidem
872 3745 899 3792 in
916 3744 1000 3793 verbis
1020 3750 1080 3794 sunt
1097 3746 1124 3792 in
1141 3745 1190 3795 PR

163 3811 268 3861 leviores
295 3813 379 3876 lapsus
404 3815 495 3864 calami
519 3821 597 3877 atque
615 3827 645 3863 ex
664 3813 845 3862 consuetudine
863 3813 973 3876 quadam
990 3819 1122 3877 peccatum
1141 3821 1189 3863 est.

164 3877 220 3937 Quo
238 3895 306 3930 more
326 3880 384 3941 163,
396 3882 431 3932 38
449 3883 499 3932 his
516 3897 567 3930 non
591 3887 650 3932 ante
674 3882 718 3930 sed
734 3887 793 3945 post
811 3882 974 3932 0011100110
992 3882 1115 3931 omissum
1133 3897 1191 3931 esse
