<?xml version="1.0" encoding="UTF-8"?>
<!DOCTYPE html PUBLIC "-//W3C//DTD XHTML 1.0 Transitional//EN"
    "http://www.w3.org/TR/xhtml1/DTD/xhtml1-transitional.dtd">
<html xmlns="http://www.w3.org/1999/xhtml" xml:lang="en" lang="en">
 <head>
  <title>
</title>
<meta http-equiv="Content-Type" content="text/html;charset=utf-8" />
  <meta name='ocr-system' content='tesseract 3.04.00' />
  <meta name='ocr-capabilities' content='ocr_page ocr_carea ocr_par ocr_line ocrx_word'/>
</head>
<body>
  <div class='ocr_page' id='page_1' title='image "./debellogallicol00friggoog_0068.png"; bbox 0 0 2616 4492; ppageno 0'>
   <div class='ocr_carea' id='block_1_1' title="bbox 409 271 1105 341">
    <p class='ocr_par' dir='ltr' id='par_1_1' title="bbox 409 271 1105 341">
     <span class='ocr_line' id='line_1_1' title="bbox 409 271 1105 341; baseline -0.004 -2"><span class='ocrx_word' id='word_1_1' title='bbox 409 292 480 341; x_wconf 82' lang='lat' dir='ltr'>n1n.</span> <span class='ocrx_word' id='word_1_2' title='bbox 494 291 545 340; x_wconf 91' lang='lat' dir='ltr'>n1.</span> <span class='ocrx_word' id='word_1_3' title='bbox 569 291 646 340; x_wconf 76' lang='lat' dir='ltr'>cna.</span> <span class='ocrx_word' id='word_1_4' title='bbox 661 274 778 340; x_wconf 80' lang='lat'><strong>9-13.</strong></span> <span class='ocrx_word' id='word_1_5' title='bbox 1062 271 1105 337; x_wconf 78' lang='grc'>45</span> 
     </span>
    </p>
   </div>
   <div class='ocr_carea' id='block_1_2' title="bbox 30 427 1148 3443">
    <p class='ocr_par' dir='ltr' id='par_1_2' title="bbox 30 427 1148 3443">
     <span class='ocr_line' id='line_1_2' title="bbox 82 427 1104 509; baseline -0.005 -14"><span class='ocrx_word' id='word_1_6' title='bbox 82 451 165 496; x_wconf 88' lang='lat' dir='ltr'>mum</span> <span class='ocrx_word' id='word_1_7' title='bbox 196 432 325 494; x_wconf 87' lang='lat' dir='ltr'>Brutum</span> <span class='ocrx_word' id='word_1_8' title='bbox 360 430 580 494; x_wconf 72' lang='lat' dir='ltr'>adolescentem</span> <span class='ocrx_word' id='word_1_9' title='bbox 617 432 709 494; x_wconf 78' lang='lat' dir='ltr'><strong>classi</strong></span> <span class='ocrx_word' id='word_1_10' title='bbox 745 428 928 509; x_wconf 80' lang='lat' dir='ltr'>Gallicisque</span> <span class='ocrx_word' id='word_1_11' title='bbox 961 427 1104 504; x_wconf 85' lang='lat' dir='ltr'>navibus,</span> 
     </span>
     <span class='ocr_line' id='line_1_3' title="bbox 80 515 1105 601; baseline -0.006 -20"><span class='ocrx_word' id='word_1_12' title='bbox 80 539 160 601; x_wconf 90' lang='lat' dir='ltr'>quas</span> <span class='ocrx_word' id='word_1_13' title='bbox 194 539 232 580; x_wconf 84' lang='lat' dir='ltr'>ex</span> <span class='ocrx_word' id='word_1_14' title='bbox 263 518 440 580; x_wconf 81' lang='lat' dir='ltr'>Pictonibus</span> <span class='ocrx_word' id='word_1_15' title='bbox 474 527 505 580; x_wconf 89' lang='lat' dir='ltr'>et</span> <span class='ocrx_word' id='word_1_16' title='bbox 533 517 685 594; x_wconf 66' lang='lat' dir='ltr'>Santonis}</span> <span class='ocrx_word' id='word_1_17' title='bbox 706 515 888 595; x_wconf 87' lang='lat' dir='ltr'>reliquisque</span> <span class='ocrx_word' id='word_1_18' title='bbox 916 515 1032 594; x_wconf 88' lang='lat' dir='ltr'>pacatis</span> <span class='ocrx_word' id='word_1_19' title='bbox 1055 534 1105 576; x_wconf 88' lang='lat' dir='ltr'>re-</span> 
     </span>
     <span class='ocr_line' id='line_1_4' title="bbox 79 600 1104 686; baseline -0.006 -19"><span class='ocrx_word' id='word_1_20' title='bbox 79 606 220 686; x_wconf 86' lang='lat' dir='ltr'>gionibus</span> <span class='ocrx_word' id='word_1_21' title='bbox 240 604 400 666; x_wconf 89' lang='lat' dir='ltr'>convenire</span> <span class='ocrx_word' id='word_1_22' title='bbox 414 605 562 679; x_wconf 88' lang='lat' dir='ltr'>iusserat,</span> <span class='ocrx_word' id='word_1_23' title='bbox 584 605 721 684; x_wconf 88' lang='lat' dir='ltr'>praeficit</span> <span class='ocrx_word' id='word_1_24' title='bbox 735 611 780 676; x_wconf 95' lang='lat' dir='ltr'>et,</span> <span class='ocrx_word' id='word_1_25' title='bbox 804 621 870 663; x_wconf 92' lang='lat' dir='ltr'>cum</span> <span class='ocrx_word' id='word_1_26' title='bbox 885 600 1014 681; x_wconf 90' lang='lat' dir='ltr'>primum</span> <span class='ocrx_word' id='word_1_27' title='bbox 1029 620 1104 680; x_wconf 88' lang='lat' dir='ltr'>pos-</span> 
     </span>
     <span class='ocr_line' id='line_1_5' title="bbox 83 687 1102 771; baseline -0.003 -18"><span class='ocrx_word' id='word_1_28' title='bbox 83 700 146 764; x_wconf 85' lang='lat' dir='ltr'>set,</span> <span class='ocrx_word' id='word_1_29' title='bbox 169 692 200 753; x_wconf 93' lang='lat' dir='ltr'>in</span> <span class='ocrx_word' id='word_1_30' title='bbox 222 692 359 752; x_wconf 89' lang='lat' dir='ltr'>Venetos</span> <span class='ocrx_word' id='word_1_31' title='bbox 381 690 528 771; x_wconf 87' lang='lat' dir='ltr'>proficisci</span> <span class='ocrx_word' id='word_1_32' title='bbox 551 691 642 752; x_wconf 92' lang='lat' dir='ltr'>iubet.</span> <span class='ocrx_word' id='word_1_33' title='bbox 686 692 757 771; x_wconf 91' lang='lat' dir='ltr'>Ipse</span> <span class='ocrx_word' id='word_1_34' title='bbox 780 707 814 751; x_wconf 92' lang='lat' dir='ltr'>eo</span> <span class='ocrx_word' id='word_1_35' title='bbox 837 687 1027 768; x_wconf 83' lang='lat' dir='ltr'>pedestribus</span> <span class='ocrx_word' id='word_1_36' title='bbox 1050 707 1102 750; x_wconf 90' lang='lat' dir='ltr'>co-</span> 
     </span>
     <span class='ocr_line' id='line_1_6' title="bbox 80 778 1132 858; baseline -0.007 -19"><span class='ocrx_word' id='word_1_37' title='bbox 80 778 139 858; x_wconf 92' lang='lat' dir='ltr'>piis</span> <span class='ocrx_word' id='word_1_38' title='bbox 162 778 324 839; x_wconf 87' lang='lat' dir='ltr'>contendit.</span> <span class='ocrx_word' id='word_1_39' title='bbox 1116 793 1132 832; x_wconf 83' lang='lat' dir='ltr'>a</span> 
     </span>
     <span class='ocr_line' id='line_1_7' title="bbox 146 859 1148 940; baseline -0.003 -15"><span class='ocrx_word' id='word_1_40' title='bbox 146 865 245 925; x_wconf 84' lang='lat' dir='ltr'>Erant</span> <span class='ocrx_word' id='word_1_41' title='bbox 267 863 413 925; x_wconf 89' lang='lat' dir='ltr'>eiusmodi</span> <span class='ocrx_word' id='word_1_42' title='bbox 433 863 495 924; x_wconf 82' lang='lat' dir='ltr'>iere</span> <span class='ocrx_word' id='word_1_43' title='bbox 518 862 594 924; x_wconf 91' lang='lat' dir='ltr'>&#39;situs</span> <span class='ocrx_word' id='word_1_44' title='bbox 617 859 810 940; x_wconf 87' lang='lat' dir='ltr'>oppidorum,</span> <span class='ocrx_word' id='word_1_45' title='bbox 833 867 868 920; x_wconf 94' lang='lat' dir='ltr'>ut</span> <span class='ocrx_word' id='word_1_46' title='bbox 881 859 984 939; x_wconf 87' lang='lat' dir='ltr'>posita</span> <span class='ocrx_word' id='word_1_47' title='bbox 998 859 1029 922; x_wconf 93' lang='lat' dir='ltr'>in</span> <span class='ocrx_word' id='word_1_48' title='bbox 1047 872 1148 922; x_wconf 77' lang='lat' dir='ltr'>ex-12</span> 
     </span>
     <span class='ocr_line' id='line_1_8' title="bbox 81 945 1103 1030; baseline -0.003 -19"><span class='ocrx_word' id='word_1_49' title='bbox 81 951 186 1011; x_wconf 90' lang='lat' dir='ltr'>tremis</span> <span class='ocrx_word' id='word_1_50' title='bbox 209 950 330 1030; x_wconf 91' lang='lat' dir='ltr'>lingulis</span> <span class='ocrx_word' id='word_1_51' title='bbox 352 949 624 1030; x_wconf 87' lang='lat' dir='ltr'>promuntoriisque</span> <span class='ocrx_word' id='word_1_52' title='bbox 646 967 742 1026; x_wconf 88' lang='lat' dir='ltr'>neque</span> <span class='ocrx_word' id='word_1_53' title='bbox 763 945 892 1026; x_wconf 87' lang='lat' dir='ltr'>pedibus</span> <span class='ocrx_word' id='word_1_54' title='bbox 915 945 1030 1008; x_wconf 90' lang='lat' dir='ltr'>aditum</span> <span class='ocrx_word' id='word_1_55' title='bbox 1043 947 1103 1008; x_wconf 89' lang='lat' dir='ltr'>ha-</span> 
     </span>
     <span class='ocr_line' id='line_1_9' title="bbox 80 1033 1102 1113; baseline -0.003 -15"><span class='ocrx_word' id='word_1_56' title='bbox 80 1037 202 1111; x_wconf 84' lang='lat' dir='ltr'>herent,</span> <span class='ocrx_word' id='word_1_57' title='bbox 236 1056 303 1097; x_wconf 89' lang='lat' dir='ltr'>oum</span> <span class='ocrx_word' id='word_1_58' title='bbox 331 1055 369 1097; x_wconf 85' lang='lat' dir='ltr'>ex</span> <span class='ocrx_word' id='word_1_59' title='bbox 396 1036 458 1099; x_wconf 87' lang='lat' dir='ltr'>alto</span> <span class='ocrx_word' id='word_1_60' title='bbox 481 1055 514 1097; x_wconf 89' lang='lat' dir='ltr'>se</span> <span class='ocrx_word' id='word_1_61' title='bbox 537 1043 640 1097; x_wconf 90' lang='lat' dir='ltr'>aestus</span> <span class='ocrx_word' id='word_1_62' title='bbox 661 1033 863 1105; x_wconf 69' lang='lat' dir='ltr'>inolevisset,</span> <span class='ocrx_word' id='word_1_63' title='bbox 892 1033 972 1113; x_wconf 89' lang='lat' dir='ltr'>quod</span> <span class='ocrx_word' id='word_1_64' title='bbox 993 1033 1102 1095; x_wconf 89' lang='lat' dir='ltr'>iterum</span> 
     </span>
     <span class='ocr_line' id='line_1_10' title="bbox 30 1119 1102 1202; baseline -0.002 -18"><span class='ocrx_word' id='word_1_65' title='bbox 30 1170 36 1183; x_wconf 84' lang='lat'>.</span> <span class='ocrx_word' id='word_1_66' title='bbox 77 1123 190 1184; x_wconf 83' lang='lat' dir='ltr'>accidit</span> <span class='ocrx_word' id='word_1_67' title='bbox 211 1142 329 1202; x_wconf 92' lang='lat' dir='ltr'>semper</span> <span class='ocrx_word' id='word_1_68' title='bbox 350 1123 492 1184; x_wconf 90' lang='lat' dir='ltr'>horarum</span> <span class='ocrx_word' id='word_1_69' title='bbox 515 1138 568 1183; x_wconf 77' lang='grc' dir='ltr'>ΧΠ</span> <span class='ocrx_word' id='word_1_70' title='bbox 593 1120 707 1201; x_wconf 91' lang='lat' dir='ltr'>spatio,</span> <span class='ocrx_word' id='word_1_71' title='bbox 736 1139 830 1200; x_wconf 92' lang='lat' dir='ltr'>neque</span> <span class='ocrx_word' id='word_1_72' title='bbox 853 1119 999 1190; x_wconf 89' lang='lat' dir='ltr'>navibus,</span> <span class='ocrx_word' id='word_1_73' title='bbox 1023 1121 1102 1201; x_wconf 93' lang='lat' dir='ltr'>quod</span> 
     </span>
     <span class='ocr_line' id='line_1_11' title="bbox 79 1205 1146 1275; baseline -0.001 -5"><span class='ocrx_word' id='word_1_74' title='bbox 79 1229 185 1271; x_wconf 90' lang='lat' dir='ltr'>rursus</span> <span class='ocrx_word' id='word_1_75' title='bbox 208 1210 362 1271; x_wconf 91' lang='lat' dir='ltr'>minuente</span> <span class='ocrx_word' id='word_1_76' title='bbox 384 1217 473 1271; x_wconf 88' lang='lat' dir='ltr'>aestu</span> <span class='ocrx_word' id='word_1_77' title='bbox 494 1228 589 1270; x_wconf 88' lang='lat' dir='ltr'>naves</span> <span class='ocrx_word' id='word_1_78' title='bbox 611 1209 643 1268; x_wconf 94' lang='lat' dir='ltr'>in</span> <span class='ocrx_word' id='word_1_79' title='bbox 665 1206 752 1268; x_wconf 88' lang='lat' dir='ltr'>vadis</span> <span class='ocrx_word' id='word_1_80' title='bbox 776 1205 1008 1268; x_wconf 89' lang='lat' dir='ltr'>adflictarentur.</span> <span class='ocrx_word' id='word_1_81' title='bbox 1052 1207 1102 1269; x_wconf 89' lang='lat' dir='ltr'>Ita</span> <span class='ocrx_word' id='word_1_82' title='bbox 1121 1236 1146 1275; x_wconf 72' lang='grc' dir='ltr'>ιο</span> 
     </span>
     <span class='ocr_line' id='line_1_12' title="bbox 80 1292 1102 1375; baseline -0.002 -19"><span class='ocrx_word' id='word_1_83' title='bbox 80 1304 208 1375; x_wconf 91' lang='lat' dir='ltr'>utraque</span> <span class='ocrx_word' id='word_1_84' title='bbox 241 1315 274 1357; x_wconf 90' lang='lat' dir='ltr'>re</span> <span class='ocrx_word' id='word_1_85' title='bbox 307 1295 484 1375; x_wconf 84' lang='lat' dir='ltr'>oppidorum</span> <span class='ocrx_word' id='word_1_86' title='bbox 520 1293 702 1374; x_wconf 85' lang='lat' dir='ltr'>oppugnatio</span> <span class='ocrx_word' id='word_1_87' title='bbox 735 1293 970 1372; x_wconf 82' lang='lat' dir='ltr'>impediebatur3</span> <span class='ocrx_word' id='word_1_88' title='bbox 1007 1312 1043 1354; x_wconf 88' lang='lat' dir='ltr'>ao</span> <span class='ocrx_word' id='word_1_89' title='bbox 1075 1292 1102 1355; x_wconf 93' lang='lat' dir='ltr'>si</span> 
     </span>
     <span class='ocr_line' id='line_1_13' title="bbox 78 1378 1102 1462; baseline -0.001 -20"><span class='ocrx_word' id='word_1_90' title='bbox 78 1384 201 1462; x_wconf 89' lang='lat' dir='ltr'>quando</span> <span class='ocrx_word' id='word_1_91' title='bbox 228 1382 434 1462; x_wconf 83' lang='lat' dir='ltr'>magnitudine</span> <span class='ocrx_word' id='word_1_92' title='bbox 462 1382 562 1461; x_wconf 89' lang='lat' dir='ltr'>operis</span> <span class='ocrx_word' id='word_1_93' title='bbox 590 1382 666 1442; x_wconf 83' lang='lat' dir='ltr'>forte</span> <span class='ocrx_word' id='word_1_94' title='bbox 689 1379 837 1459; x_wconf 89' lang='lat' dir='ltr'>superati,</span> <span class='ocrx_word' id='word_1_95' title='bbox 873 1388 996 1440; x_wconf 87' lang='lat' dir='ltr'>extmso</span> <span class='ocrx_word' id='word_1_96' title='bbox 1023 1378 1102 1441; x_wconf 89' lang='lat' dir='ltr'>mari</span> 
     </span>
     <span class='ocr_line' id='line_1_14' title="bbox 81 1465 1099 1548; baseline -0.004 -19"><span class='ocrx_word' id='word_1_97' title='bbox 81 1487 188 1548; x_wconf 87' lang='lat' dir='ltr'>aggere</span> <span class='ocrx_word' id='word_1_98' title='bbox 210 1487 245 1529; x_wconf 88' lang='lat' dir='ltr'>ac</span> <span class='ocrx_word' id='word_1_99' title='bbox 266 1468 394 1531; x_wconf 89' lang='lat' dir='ltr'>molibus</span> <span class='ocrx_word' id='word_1_100' title='bbox 417 1476 507 1548; x_wconf 90' lang='lat' dir='ltr'>atque</span> <span class='ocrx_word' id='word_1_101' title='bbox 528 1466 577 1528; x_wconf 90' lang='lat' dir='ltr'>his</span> <span class='ocrx_word' id='word_1_102' title='bbox 601 1465 703 1547; x_wconf 93' lang='lat' dir='ltr'>oppidi</span> <span class='ocrx_word' id='word_1_103' title='bbox 728 1465 884 1526; x_wconf 91' lang='lat' dir='ltr'>moenibus</span> <span class='ocrx_word' id='word_1_104' title='bbox 907 1465 1099 1545; x_wconf 86' lang='lat' dir='ltr'>adaequatis,</span> 
     </span>
     <span class='ocr_line' id='line_1_15' title="bbox 81 1551 1101 1634; baseline -0.002 -19"><span class='ocrx_word' id='word_1_105' title='bbox 81 1555 144 1615; x_wconf 85' lang='lat' dir='ltr'>suis</span> <span class='ocrx_word' id='word_1_106' title='bbox 166 1555 294 1615; x_wconf 84' lang='lat' dir='ltr'>fortunis</span> <span class='ocrx_word' id='word_1_107' title='bbox 317 1556 476 1634; x_wconf 89' lang='lat' dir='ltr'>desperare</span> <span class='ocrx_word' id='word_1_108' title='bbox 499 1561 674 1633; x_wconf 87' lang='lat' dir='ltr'>coeperant,</span> <span class='ocrx_word' id='word_1_109' title='bbox 703 1571 810 1632; x_wconf 91' lang='lat' dir='ltr'>magno</span> <span class='ocrx_word' id='word_1_110' title='bbox 833 1570 955 1613; x_wconf 89' lang='lat' dir='ltr'>numero</span> <span class='ocrx_word' id='word_1_111' title='bbox 978 1551 1101 1613; x_wconf 85' lang='lat' dir='ltr'>narium</span> 
     </span>
     <span class='ocr_line' id='line_1_16' title="bbox 76 1638 1144 1719; baseline -0.003 -17"><span class='ocrx_word' id='word_1_112' title='bbox 76 1640 223 1719; x_wconf 87' lang='lat' dir='ltr'>adpulso,</span> <span class='ocrx_word' id='word_1_113' title='bbox 247 1640 329 1701; x_wconf 86' lang='lat' dir='ltr'>cuius</span> <span class='ocrx_word' id='word_1_114' title='bbox 352 1641 396 1702; x_wconf 87' lang='lat' dir='ltr'>rei</span> <span class='ocrx_word' id='word_1_115' title='bbox 418 1659 565 1701; x_wconf 90' lang='lat' dir='ltr'>summam</span> <span class='ocrx_word' id='word_1_116' title='bbox 586 1639 760 1699; x_wconf 82' lang='lat' dir='ltr'>facultatem</span> <span class='ocrx_word' id='word_1_117' title='bbox 783 1638 950 1710; x_wconf 90' lang='lat' dir='ltr'>habebant,</span> <span class='ocrx_word' id='word_1_118' title='bbox 974 1658 1030 1699; x_wconf 87' lang='lat' dir='ltr'>sua</span> <span class='ocrx_word' id='word_1_119' title='bbox 1044 1638 1099 1699; x_wconf 91' lang='lat' dir='ltr'>de-</span> <span class='ocrx_word' id='word_1_120' title='bbox 1120 1654 1144 1692; x_wconf 79' lang='lat'>¹³</span> 
     </span>
     <span class='ocr_line' id='line_1_17' title="bbox 79 1723 1099 1806; baseline -0.001 -20"><span class='ocrx_word' id='word_1_121' title='bbox 79 1726 245 1806; x_wconf 85' lang='lat' dir='ltr'>portabant</span> <span class='ocrx_word' id='word_1_122' title='bbox 278 1726 380 1786; x_wconf 89' lang='lat' dir='ltr'>omnia</span> <span class='ocrx_word' id='word_1_123' title='bbox 412 1745 503 1806; x_wconf 87' lang='lat' dir='ltr'>seque</span> <span class='ocrx_word' id='word_1_124' title='bbox 534 1725 566 1786; x_wconf 90' lang='lat' dir='ltr'>in</span> <span class='ocrx_word' id='word_1_125' title='bbox 597 1724 737 1804; x_wconf 85' lang='lat' dir='ltr'>proxima</span> <span class='ocrx_word' id='word_1_126' title='bbox 765 1724 876 1803; x_wconf 92' lang='lat' dir='ltr'>oppida</span> <span class='ocrx_word' id='word_1_127' title='bbox 901 1723 1099 1803; x_wconf 85' lang='lat' dir='ltr'>recipiebant3</span> 
     </span>
     <span class='ocr_line' id='line_1_18' title="bbox 80 1809 1099 1890; baseline -0.001 -18"><span class='ocrx_word' id='word_1_128' title='bbox 80 1811 123 1873; x_wconf 91' lang='lat' dir='ltr'>ibi</span> <span class='ocrx_word' id='word_1_129' title='bbox 155 1831 188 1872; x_wconf 90' lang='lat' dir='ltr'>se</span> <span class='ocrx_word' id='word_1_130' title='bbox 221 1830 324 1872; x_wconf 88' lang='lat' dir='ltr'>mrsus</span> <span class='ocrx_word' id='word_1_131' title='bbox 359 1811 467 1873; x_wconf 89' lang='lat' dir='ltr'>iisdem</span> <span class='ocrx_word' id='word_1_132' title='bbox 503 1810 776 1890; x_wconf 85' lang='lat' dir='ltr'>opportunitatibus</span> <span class='ocrx_word' id='word_1_133' title='bbox 804 1809 862 1870; x_wconf 89' lang='lat' dir='ltr'>loci</span> <span class='ocrx_word' id='word_1_134' title='bbox 890 1810 1099 1872; x_wconf 78' lang='lat' dir='ltr'>defendebant.</span> 
     </span>
     <span class='ocr_line' id='line_1_19' title="bbox 80 1894 1101 1978; baseline 0 -20"><span class='ocrx_word' id='word_1_135' title='bbox 80 1898 167 1958; x_wconf 86' lang='lat' dir='ltr'>Haec</span> <span class='ocrx_word' id='word_1_136' title='bbox 189 1917 224 1958; x_wconf 92' lang='lat' dir='ltr'>eo</span> <span class='ocrx_word' id='word_1_137' title='bbox 246 1897 364 1959; x_wconf 85' lang='lat' dir='ltr'>facilius</span> <span class='ocrx_word' id='word_1_138' title='bbox 385 1917 527 1978; x_wconf 90' lang='lat' dir='ltr'>magnam</span> <span class='ocrx_word' id='word_1_139' title='bbox 549 1906 666 1977; x_wconf 89' lang='lat' dir='ltr'>partem</span> <span class='ocrx_word' id='word_1_140' title='bbox 689 1894 815 1957; x_wconf 85' lang='lat' dir='ltr'>aestatis</span> <span class='ocrx_word' id='word_1_141' title='bbox 830 1895 996 1970; x_wconf 81' lang='lat' dir='ltr'>faciebant,</span> <span class='ocrx_word' id='word_1_142' title='bbox 1020 1897 1101 1976; x_wconf 90' lang='lat' dir='ltr'>quod</span> 
     </span>
     <span class='ocr_line' id='line_1_20' title="bbox 80 1982 1100 2063; baseline 0 -18"><span class='ocrx_word' id='word_1_143' title='bbox 80 1992 202 2045; x_wconf 89' lang='lat' dir='ltr'>nostrae</span> <span class='ocrx_word' id='word_1_144' title='bbox 229 2003 323 2044; x_wconf 88' lang='lat' dir='ltr'>naves</span> <span class='ocrx_word' id='word_1_145' title='bbox 349 1983 581 2063; x_wconf 86' lang='lat' dir='ltr'>tempestatibus</span> <span class='ocrx_word' id='word_1_146' title='bbox 604 1982 816 2044; x_wconf 91' lang='lat' dir='ltr'>detinebantur</span> <span class='ocrx_word' id='word_1_147' title='bbox 837 2001 1012 2062; x_wconf 85' lang='lat' dir='ltr'>summaque</span> <span class='ocrx_word' id='word_1_148' title='bbox 1034 1992 1100 2045; x_wconf 89' lang='lat' dir='ltr'>erat</span> 
     </span>
     <span class='ocr_line' id='line_1_21' title="bbox 80 2068 1143 2151; baseline -0.003 -21"><span class='ocrx_word' id='word_1_149' title='bbox 80 2078 169 2131; x_wconf 91' lang='lat' dir='ltr'>vasto</span> <span class='ocrx_word' id='word_1_150' title='bbox 192 2080 282 2149; x_wconf 88' lang='lat' dir='ltr'>atque</span> <span class='ocrx_word' id='word_1_151' title='bbox 305 2079 412 2149; x_wconf 89' lang='lat' dir='ltr'>aperto</span> <span class='ocrx_word' id='word_1_152' title='bbox 431 2070 523 2144; x_wconf 91' lang='lat' dir='ltr'>mari,</span> <span class='ocrx_word' id='word_1_153' title='bbox 547 2068 664 2150; x_wconf 86' lang='lat' dir='ltr'>magnis</span> <span class='ocrx_word' id='word_1_154' title='bbox 687 2069 837 2143; x_wconf 88' lang='lat' dir='ltr'>aestibus,</span> <span class='ocrx_word' id='word_1_155' title='bbox 859 2068 936 2131; x_wconf 90' lang='lat' dir='ltr'>raris</span> <span class='ocrx_word' id='word_1_156' title='bbox 957 2089 993 2131; x_wconf 90' lang='lat' dir='ltr'>ac</span> <span class='ocrx_word' id='word_1_157' title='bbox 1007 2089 1100 2151; x_wconf 90' lang='lat' dir='ltr'>prope</span> <span class='ocrx_word' id='word_1_158' title='bbox 1115 2088 1143 2127; x_wconf 79' lang='lat' dir='ltr'>ao</span> 
     </span>
     <span class='ocr_line' id='line_1_22' title="bbox 79 2155 1143 2236; baseline 0.002 -20"><span class='ocrx_word' id='word_1_159' title='bbox 79 2156 170 2217; x_wconf 91' lang='lat' dir='ltr'>nullis</span> <span class='ocrx_word' id='word_1_160' title='bbox 202 2156 353 2236; x_wconf 86' lang='lat' dir='ltr'>portibus,</span> <span class='ocrx_word' id='word_1_161' title='bbox 388 2156 549 2218; x_wconf 81' lang='lat' dir='ltr'>difficultas</span> <span class='ocrx_word' id='word_1_162' title='bbox 577 2155 750 2236; x_wconf 84' lang='lat' dir='ltr'>navigandi.</span> <span class='ocrx_word' id='word_1_163' title='bbox 799 2156 939 2236; x_wconf 89' lang='lat' dir='ltr'>Namque</span> <span class='ocrx_word' id='word_1_164' title='bbox 965 2156 1099 2236; x_wconf 86' lang='lat' dir='ltr'>ipsorum</span> <span class='ocrx_word' id='word_1_165' title='bbox 1109 2175 1143 2227; x_wconf 85' lang='lat'>13</span> 
     </span>
     <span class='ocr_line' id='line_1_23' title="bbox 80 2243 1100 2322; baseline 0.002 -19"><span class='ocrx_word' id='word_1_166' title='bbox 80 2262 175 2303; x_wconf 90' lang='lat' dir='ltr'>naves</span> <span class='ocrx_word' id='word_1_167' title='bbox 198 2244 237 2304; x_wconf 93' lang='lat' dir='ltr'>ad</span> <span class='ocrx_word' id='word_1_168' title='bbox 259 2243 338 2304; x_wconf 88' lang='lat' dir='ltr'>huno</span> <span class='ocrx_word' id='word_1_169' title='bbox 358 2245 480 2305; x_wconf 90' lang='lat' dir='ltr'>modum</span> <span class='ocrx_word' id='word_1_170' title='bbox 502 2244 602 2304; x_wconf 84' lang='lat' dir='ltr'>factae</span> <span class='ocrx_word' id='word_1_171' title='bbox 623 2251 818 2322; x_wconf 87' lang='lat' dir='ltr'>armataeque</span> <span class='ocrx_word' id='word_1_172' title='bbox 841 2250 943 2304; x_wconf 91' lang='lat' dir='ltr'>erant:</span> <span class='ocrx_word' id='word_1_173' title='bbox 978 2243 1100 2305; x_wconf 89' lang='lat' dir='ltr'>carinae</span> 
     </span>
     <span class='ocr_line' id='line_1_24' title="bbox 79 2329 1099 2410; baseline 0.002 -20"><span class='ocrx_word' id='word_1_174' title='bbox 79 2329 235 2408; x_wconf 90' lang='lat' dir='ltr'>aliquanto</span> <span class='ocrx_word' id='word_1_175' title='bbox 257 2329 405 2409; x_wconf 92' lang='lat' dir='ltr'>planiores</span> <span class='ocrx_word' id='word_1_176' title='bbox 429 2349 519 2410; x_wconf 89' lang='lat' dir='ltr'>quam</span> <span class='ocrx_word' id='word_1_177' title='bbox 542 2338 712 2390; x_wconf 87' lang='lat' dir='ltr'>nostrarum</span> <span class='ocrx_word' id='word_1_178' title='bbox 734 2329 872 2403; x_wconf 86' lang='lat' dir='ltr'>navium,</span> <span class='ocrx_word' id='word_1_179' title='bbox 901 2349 959 2408; x_wconf 93' lang='lat' dir='ltr'>quo</span> <span class='ocrx_word' id='word_1_180' title='bbox 981 2330 1099 2392; x_wconf 86' lang='lat' dir='ltr'>facilius</span> 
     </span>
     <span class='ocr_line' id='line_1_25' title="bbox 78 2416 1098 2496; baseline 0.003 -21"><span class='ocrx_word' id='word_1_181' title='bbox 78 2416 159 2476; x_wconf 89' lang='lat' dir='ltr'>vada</span> <span class='ocrx_word' id='word_1_182' title='bbox 180 2435 217 2477; x_wconf 88' lang='lat' dir='ltr'>ac</span> <span class='ocrx_word' id='word_1_183' title='bbox 238 2417 393 2477; x_wconf 88' lang='lat' dir='ltr'>decessum</span> <span class='ocrx_word' id='word_1_184' title='bbox 416 2425 520 2479; x_wconf 85' lang='lat' dir='ltr'>aestus</span> <span class='ocrx_word' id='word_1_185' title='bbox 543 2416 837 2496; x_wconf 81' lang='lat' dir='ltr'>exciperepossent3</span> <span class='ocrx_word' id='word_1_186' title='bbox 860 2435 968 2494; x_wconf 89' lang='lat' dir='ltr'>prorae</span> <span class='ocrx_word' id='word_1_187' title='bbox 990 2418 1098 2478; x_wconf 89' lang='lat' dir='ltr'>admo-</span> 
     </span>
     <span class='ocr_line' id='line_1_26' title="bbox 79 2502 1143 2583; baseline 0.003 -21"><span class='ocrx_word' id='word_1_188' title='bbox 79 2502 150 2562; x_wconf 91' lang='lat' dir='ltr'>dum</span> <span class='ocrx_word' id='word_1_189' title='bbox 173 2511 288 2564; x_wconf 89' lang='lat' dir='ltr'>erectae</span> <span class='ocrx_word' id='word_1_190' title='bbox 311 2512 402 2583; x_wconf 88' lang='lat' dir='ltr'>atque</span> <span class='ocrx_word' id='word_1_191' title='bbox 423 2503 496 2564; x_wconf 92' lang='lat' dir='ltr'>item</span> <span class='ocrx_word' id='word_1_192' title='bbox 517 2522 634 2582; x_wconf 85' lang='lat' dir='ltr'>puppes</span> <span class='ocrx_word' id='word_1_193' title='bbox 650 2503 689 2563; x_wconf 88' lang='lat' dir='ltr'>ad</span> <span class='ocrx_word' id='word_1_194' title='bbox 705 2503 940 2582; x_wconf 80' lang='lat' dir='ltr'>magnitudinem</span> <span class='ocrx_word' id='word_1_195' title='bbox 955 2502 1098 2566; x_wconf 88' lang='lat' dir='ltr'>fluctuum</span> <span class='ocrx_word' id='word_1_196' title='bbox 1114 2526 1143 2565; x_wconf 79' lang='lat' dir='ltr'>aa</span> 
     </span>
     <span class='ocr_line' id='line_1_27' title="bbox 77 2591 1097 2669; baseline 0.004 -21"><span class='ocrx_word' id='word_1_197' title='bbox 77 2596 351 2669; x_wconf 88' lang='lat' dir='ltr'>tempestatumque</span> <span class='ocrx_word' id='word_1_198' title='bbox 374 2593 633 2662; x_wconf 84' lang='lat' dir='ltr'>accommodatae3</span> <span class='ocrx_word' id='word_1_199' title='bbox 656 2608 751 2650; x_wconf 89' lang='lat' dir='ltr'>naves</span> <span class='ocrx_word' id='word_1_200' title='bbox 774 2597 857 2650; x_wconf 88' lang='lat' dir='ltr'>totae</span> <span class='ocrx_word' id='word_1_201' title='bbox 878 2591 976 2651; x_wconf 85' lang='lat' dir='ltr'>factae</span> <span class='ocrx_word' id='word_1_202' title='bbox 992 2609 1029 2651; x_wconf 88' lang='lat' dir='ltr'>ex</span> <span class='ocrx_word' id='word_1_203' title='bbox 1044 2611 1097 2652; x_wconf 89' lang='lat' dir='ltr'>ro-</span> 
     </span>
     <span class='ocr_line' id='line_1_28' title="bbox 78 2673 1098 2755; baseline 0.004 -20"><span class='ocrx_word' id='word_1_204' title='bbox 78 2673 151 2736; x_wconf 91' lang='lat' dir='ltr'>bore</span> <span class='ocrx_word' id='word_1_205' title='bbox 173 2675 213 2735; x_wconf 87' lang='lat' dir='ltr'>ad</span> <span class='ocrx_word' id='word_1_206' title='bbox 236 2675 373 2754; x_wconf 90' lang='lat' dir='ltr'>quamvis</span> <span class='ocrx_word' id='word_1_207' title='bbox 396 2676 457 2736; x_wconf 92' lang='lat' dir='ltr'>vim</span> <span class='ocrx_word' id='word_1_208' title='bbox 481 2685 512 2736; x_wconf 90' lang='lat' dir='ltr'>et</span> <span class='ocrx_word' id='word_1_209' title='bbox 534 2675 743 2737; x_wconf 87' lang='lat' dir='ltr'>contumeliam</span> <span class='ocrx_word' id='word_1_210' title='bbox 763 2677 987 2755; x_wconf 64' lang='lat' dir='ltr'>perferendam</span> <span class='ocrx_word' id='word_1_211' title='bbox 1010 2686 1098 2739; x_wconf 90' lang='lat' dir='ltr'>tran·</span> 
     </span>
     <span class='ocr_line' id='line_1_29' title="bbox 79 2760 1098 2839; baseline 0.005 -19"><span class='ocrx_word' id='word_1_212' title='bbox 79 2769 144 2821; x_wconf 91' lang='lat' dir='ltr'>stra</span> <span class='ocrx_word' id='word_1_213' title='bbox 170 2760 328 2839; x_wconf 86' lang='lat' dir='ltr'>pedalibus</span> <span class='ocrx_word' id='word_1_214' title='bbox 356 2761 388 2822; x_wconf 91' lang='lat' dir='ltr'>in</span> <span class='ocrx_word' id='word_1_215' title='bbox 410 2762 599 2824; x_wconf 88' lang='lat' dir='ltr'>altitudinem</span> <span class='ocrx_word' id='word_1_216' title='bbox 621 2762 759 2823; x_wconf 84' lang='lat' dir='ltr'>trabibus</span> <span class='ocrx_word' id='word_1_217' title='bbox 781 2763 899 2823; x_wconf 86' lang='lat' dir='ltr'>confixa</span> <span class='ocrx_word' id='word_1_218' title='bbox 921 2763 1014 2824; x_wconf 87' lang='lat' dir='ltr'>clavis</span> <span class='ocrx_word' id='word_1_219' title='bbox 1036 2765 1098 2825; x_wconf 85' lang='lat' dir='ltr'>fer·</span> 
     </span>
     <span class='ocr_line' id='line_1_30' title="bbox 77 2846 1097 2928; baseline 0.005 -21"><span class='ocrx_word' id='word_1_220' title='bbox 77 2847 139 2907; x_wconf 83' lang='lat' dir='ltr'>reis</span> <span class='ocrx_word' id='word_1_221' title='bbox 168 2846 253 2926; x_wconf 88' lang='lat' dir='ltr'>digiti</span> <span class='ocrx_word' id='word_1_222' title='bbox 279 2846 396 2926; x_wconf 87' lang='lat' dir='ltr'>pollicis</span> <span class='ocrx_word' id='word_1_223' title='bbox 419 2848 632 2921; x_wconf 81' lang='lat' dir='ltr'>crassitudine3</span> <span class='ocrx_word' id='word_1_224' title='bbox 666 2866 794 2909; x_wconf 89' lang='lat' dir='ltr'>ancorae</span> <span class='ocrx_word' id='word_1_225' title='bbox 815 2867 870 2928; x_wconf 86' lang='lat' dir='ltr'>pro</span> <span class='ocrx_word' id='word_1_226' title='bbox 892 2849 1011 2911; x_wconf 82' lang='lat' dir='ltr'>funibus</span> <span class='ocrx_word' id='word_1_227' title='bbox 1034 2851 1097 2912; x_wconf 84' lang='lat' dir='ltr'>fer-</span> 
     </span>
     <span class='ocr_line' id='line_1_31' title="bbox 79 2931 1142 3014; baseline 0.006 -21"><span class='ocrx_word' id='word_1_228' title='bbox 79 2932 139 2993; x_wconf 86' lang='lat' dir='ltr'>reis</span> <span class='ocrx_word' id='word_1_229' title='bbox 162 2931 278 2992; x_wconf 90' lang='lat' dir='ltr'>oatenis</span> <span class='ocrx_word' id='word_1_230' title='bbox 301 2932 468 3005; x_wconf 83' lang='lat' dir='ltr'>revinctae3</span> <span class='ocrx_word' id='word_1_231' title='bbox 493 2933 588 3012; x_wconf 89' lang='lat' dir='ltr'>pelles</span> <span class='ocrx_word' id='word_1_232' title='bbox 610 2952 665 3012; x_wconf 90' lang='lat' dir='ltr'>pro</span> <span class='ocrx_word' id='word_1_233' title='bbox 687 2933 764 2995; x_wconf 89' lang='lat' dir='ltr'>velis</span> <span class='ocrx_word' id='word_1_234' title='bbox 787 2935 945 3014; x_wconf 87' lang='lat' dir='ltr'>alutaeque</span> <span class='ocrx_word' id='word_1_235' title='bbox 967 2938 1098 2999; x_wconf 90' lang='lat' dir='ltr'>tenuiter</span> <span class='ocrx_word' id='word_1_236' title='bbox 1114 2959 1142 2998; x_wconf 86' lang='lat' dir='ltr'>ac</span> 
     </span>
     <span class='ocr_line' id='line_1_32' title="bbox 77 3017 1098 3101; baseline 0.006 -23"><span class='ocrx_word' id='word_1_237' title='bbox 77 3019 246 3091; x_wconf 86' lang='lat' dir='ltr'>confectae,</span> <span class='ocrx_word' id='word_1_238' title='bbox 276 3017 340 3078; x_wconf 88' lang='lat' dir='ltr'>sive</span> <span class='ocrx_word' id='word_1_239' title='bbox 366 3026 489 3097; x_wconf 90' lang='lat' dir='ltr'>propter</span> <span class='ocrx_word' id='word_1_240' title='bbox 515 3019 570 3080; x_wconf 92' lang='lat' dir='ltr'>lini</span> <span class='ocrx_word' id='word_1_241' title='bbox 596 3019 730 3099; x_wconf 88' lang='lat' dir='ltr'>inopiam</span> <span class='ocrx_word' id='word_1_242' title='bbox 752 3028 844 3101; x_wconf 90' lang='lat' dir='ltr'>atque</span> <span class='ocrx_word' id='word_1_243' title='bbox 867 3020 930 3083; x_wconf 89' lang='lat' dir='ltr'>eius</span> <span class='ocrx_word' id='word_1_244' title='bbox 953 3041 1026 3084; x_wconf 90' lang='lat' dir='ltr'>usus</span> <span class='ocrx_word' id='word_1_245' title='bbox 1048 3024 1098 3084; x_wconf 92' lang='lat' dir='ltr'>in-</span> 
     </span>
     <span class='ocr_line' id='line_1_33' title="bbox 79 3103 1098 3188; baseline 0.005 -23"><span class='ocrx_word' id='word_1_246' title='bbox 79 3104 251 3178; x_wconf 88' lang='lat' dir='ltr'>scientiam,</span> <span class='ocrx_word' id='word_1_247' title='bbox 275 3103 339 3164; x_wconf 83' lang='lat' dir='ltr'>sive</span> <span class='ocrx_word' id='word_1_248' title='bbox 362 3123 412 3176; x_wconf 93' lang='lat' dir='ltr'>eo,</span> <span class='ocrx_word' id='word_1_249' title='bbox 436 3105 517 3184; x_wconf 90' lang='lat' dir='ltr'>quod</span> <span class='ocrx_word' id='word_1_250' title='bbox 539 3112 585 3165; x_wconf 89' lang='lat' dir='ltr'>est</span> <span class='ocrx_word' id='word_1_251' title='bbox 606 3104 702 3186; x_wconf 90' lang='lat' dir='ltr'>magis</span> <span class='ocrx_word' id='word_1_252' title='bbox 723 3106 900 3182; x_wconf 86' lang='lat' dir='ltr'>verisimile,</span> <span class='ocrx_word' id='word_1_253' title='bbox 925 3110 1005 3188; x_wconf 94' lang='lat' dir='ltr'>quod</span> <span class='ocrx_word' id='word_1_254' title='bbox 1025 3117 1098 3170; x_wconf 89' lang='lat' dir='ltr'>tan-</span> 
     </span>
     <span class='ocr_line' id='line_1_34' title="bbox 77 3188 1098 3271; baseline 0.004 -19"><span class='ocrx_word' id='word_1_255' title='bbox 77 3199 127 3252; x_wconf 92' lang='lat' dir='ltr'>tas</span> <span class='ocrx_word' id='word_1_256' title='bbox 154 3198 353 3270; x_wconf 86' lang='lat' dir='ltr'>tempestates</span> <span class='ocrx_word' id='word_1_257' title='bbox 375 3188 490 3253; x_wconf 89' lang='lat' dir='ltr'>Oceani</span> <span class='ocrx_word' id='word_1_258' title='bbox 511 3198 672 3270; x_wconf 88' lang='lat' dir='ltr'>tantosque</span> <span class='ocrx_word' id='word_1_259' title='bbox 693 3191 823 3271; x_wconf 89' lang='lat' dir='ltr'>impetus</span> <span class='ocrx_word' id='word_1_260' title='bbox 844 3202 1004 3256; x_wconf 85' lang='lat' dir='ltr'>ventomm</span> <span class='ocrx_word' id='word_1_261' title='bbox 1026 3215 1098 3256; x_wconf 91' lang='lat' dir='ltr'>sus-</span> 
     </span>
     <span class='ocr_line' id='line_1_35' title="bbox 77 3276 1097 3358; baseline 0.003 -20"><span class='ocrx_word' id='word_1_262' title='bbox 77 3277 166 3338; x_wconf 88' lang='lat' dir='ltr'>tineri</span> <span class='ocrx_word' id='word_1_263' title='bbox 195 3296 231 3339; x_wconf 91' lang='lat' dir='ltr'>ac</span> <span class='ocrx_word' id='word_1_264' title='bbox 258 3285 346 3337; x_wconf 89' lang='lat' dir='ltr'>tanta</span> <span class='ocrx_word' id='word_1_265' title='bbox 373 3295 466 3338; x_wconf 90' lang='lat' dir='ltr'>onera</span> <span class='ocrx_word' id='word_1_266' title='bbox 493 3276 616 3338; x_wconf 90' lang='lat' dir='ltr'>navium</span> <span class='ocrx_word' id='word_1_267' title='bbox 642 3277 705 3358; x_wconf 89' lang='lat' dir='ltr'>regi</span> <span class='ocrx_word' id='word_1_268' title='bbox 731 3278 808 3339; x_wconf 87' lang='lat' dir='ltr'>velis</span> <span class='ocrx_word' id='word_1_269' title='bbox 831 3298 891 3340; x_wconf 89' lang='lat' dir='ltr'>non</span> <span class='ocrx_word' id='word_1_270' title='bbox 914 3280 990 3341; x_wconf 87' lang='lat' dir='ltr'>satis</span> <span class='ocrx_word' id='word_1_271' title='bbox 1013 3299 1097 3341; x_wconf 92' lang='lat' dir='ltr'>com-</span> 
     </span>
     <span class='ocr_line' id='line_1_36' title="bbox 78 3362 1144 3443; baseline 0.004 -18"><span class='ocrx_word' id='word_1_272' title='bbox 78 3364 166 3426; x_wconf 91' lang='lat' dir='ltr'>mode</span> <span class='ocrx_word' id='word_1_273' title='bbox 188 3383 279 3443; x_wconf 90' lang='lat' dir='ltr'>posse</span> <span class='ocrx_word' id='word_1_274' title='bbox 302 3363 537 3426; x_wconf 89' lang='lat' dir='ltr'>arbitrabantur.</span> <span class='ocrx_word' id='word_1_275' title='bbox 574 3362 649 3424; x_wconf 85' lang='lat' dir='ltr'>Cum</span> <span class='ocrx_word' id='word_1_276' title='bbox 664 3363 712 3430; x_wconf 75' lang='lat' dir='ltr'>his</span> <span class='ocrx_word' id='word_1_277' title='bbox 727 3365 855 3427; x_wconf 88' lang='lat' dir='ltr'>navibus</span> <span class='ocrx_word' id='word_1_278' title='bbox 871 3376 993 3427; x_wconf 87' lang='lat' dir='ltr'>nostrae</span> <span class='ocrx_word' id='word_1_279' title='bbox 1007 3366 1098 3429; x_wconf 82' lang='lat' dir='ltr'>classi</span> <span class='ocrx_word' id='word_1_280' title='bbox 1113 3389 1144 3428; x_wconf 84' lang='lat' dir='ltr'>aa</span> 
     </span>
    </p>
   </div>
   <div class='ocr_carea' id='block_1_3' title="bbox 77 3449 1144 4045">
    <p class='ocr_par' dir='ltr' id='par_1_3' title="bbox 77 3449 1144 4045">
     <span class='ocr_line' id='line_1_37' title="bbox 78 3449 1097 3533; baseline 0.003 -22"><span class='ocrx_word' id='word_1_281' title='bbox 78 3449 225 3512; x_wconf 89' lang='lat' dir='ltr'>eiusmodi</span> <span class='ocrx_word' id='word_1_282' title='bbox 252 3469 431 3530; x_wconf 88' lang='lat' dir='ltr'>congressus</span> <span class='ocrx_word' id='word_1_283' title='bbox 460 3459 541 3524; x_wconf 89' lang='lat' dir='ltr'>erat,</span> <span class='ocrx_word' id='word_1_284' title='bbox 569 3458 604 3511; x_wconf 93' lang='lat' dir='ltr'>ut</span> <span class='ocrx_word' id='word_1_285' title='bbox 625 3470 686 3512; x_wconf 89' lang='lat' dir='ltr'>una</span> <span class='ocrx_word' id='word_1_286' title='bbox 708 3450 862 3513; x_wconf 89' lang='lat' dir='ltr'>celeritate</span> <span class='ocrx_word' id='word_1_287' title='bbox 885 3461 916 3514; x_wconf 92' lang='lat' dir='ltr'>et</span> <span class='ocrx_word' id='word_1_288' title='bbox 937 3453 1027 3533; x_wconf 88' lang='lat' dir='ltr'>pulsu</span> <span class='ocrx_word' id='word_1_289' title='bbox 1048 3472 1097 3514; x_wconf 92' lang='lat' dir='ltr'>re-</span> 
     </span>
     <span class='ocr_line' id='line_1_38' title="bbox 78 3537 1099 3619; baseline 0.004 -22"><span class='ocrx_word' id='word_1_290' title='bbox 78 3555 194 3598; x_wconf 90' lang='lat' dir='ltr'>morum</span> <span class='ocrx_word' id='word_1_291' title='bbox 222 3544 406 3615; x_wconf 88' lang='lat' dir='ltr'>praestaret,</span> <span class='ocrx_word' id='word_1_292' title='bbox 434 3537 549 3618; x_wconf 89' lang='lat' dir='ltr'>reliqua</span> <span class='ocrx_word' id='word_1_293' title='bbox 575 3556 630 3616; x_wconf 90' lang='lat' dir='ltr'>pro</span> <span class='ocrx_word' id='word_1_294' title='bbox 653 3537 710 3598; x_wconf 91' lang='lat' dir='ltr'>loci</span> <span class='ocrx_word' id='word_1_295' title='bbox 731 3546 855 3612; x_wconf 89' lang='lat' dir='ltr'>natura,</span> <span class='ocrx_word' id='word_1_296' title='bbox 888 3539 997 3619; x_wconf 86' lang='lat' dir='ltr'>provi</span> <span class='ocrx_word' id='word_1_297' title='bbox 1020 3549 1099 3601; x_wconf 90' lang='lat' dir='ltr'>tem-</span> 
     </span>
     <span class='ocr_line' id='line_1_39' title="bbox 77 3622 1099 3708; baseline 0.006 -25"><span class='ocrx_word' id='word_1_298' title='bbox 77 3631 230 3703; x_wconf 87' lang='lat' dir='ltr'>pestatum</span> <span class='ocrx_word' id='word_1_299' title='bbox 256 3622 317 3683; x_wconf 91' lang='lat' dir='ltr'>illis</span> <span class='ocrx_word' id='word_1_300' title='bbox 346 3632 448 3684; x_wconf 88' lang='lat' dir='ltr'>essent</span> <span class='ocrx_word' id='word_1_301' title='bbox 475 3623 595 3703; x_wconf 88' lang='lat' dir='ltr'>aptiora</span> <span class='ocrx_word' id='word_1_302' title='bbox 618 3633 649 3686; x_wconf 92' lang='lat' dir='ltr'>et</span> <span class='ocrx_word' id='word_1_303' title='bbox 670 3625 948 3687; x_wconf 88' lang='lat' dir='ltr'>accommodatiora.</span> <span class='ocrx_word' id='word_1_304' title='bbox 992 3625 1099 3708; x_wconf 88' lang='lat' dir='ltr'>Neque</span> 
     </span>
     <span class='ocr_line' id='line_1_40' title="bbox 78 3709 1098 3790; baseline 0.006 -20"><span class='ocrx_word' id='word_1_305' title='bbox 78 3709 157 3770; x_wconf 90' lang='lat' dir='ltr'>enim</span> <span class='ocrx_word' id='word_1_306' title='bbox 188 3709 237 3770; x_wconf 93' lang='lat' dir='ltr'>his</span> <span class='ocrx_word' id='word_1_307' title='bbox 264 3717 386 3771; x_wconf 89' lang='lat' dir='ltr'>nostrae</span> <span class='ocrx_word' id='word_1_308' title='bbox 413 3720 512 3772; x_wconf 90' lang='lat' dir='ltr'>rostro</span> <span class='ocrx_word' id='word_1_309' title='bbox 541 3729 646 3771; x_wconf 86' lang='lat' dir='ltr'>nocere</span> <span class='ocrx_word' id='word_1_310' title='bbox 672 3719 876 3790; x_wconf 91' lang='lat' dir='ltr'>poterant-</span> <span class='ocrx_word' id='word_1_311' title='bbox 897 3720 987 3773; x_wconf 90' lang='lat' dir='ltr'>tanta</span> <span class='ocrx_word' id='word_1_312' title='bbox 1008 3712 1039 3775; x_wconf 93' lang='lat' dir='ltr'>in</span> <span class='ocrx_word' id='word_1_313' title='bbox 1060 3713 1098 3777; x_wconf 89' lang='lat' dir='ltr'>iis</span> 
     </span>
     <span class='ocr_line' id='line_1_41' title="bbox 79 3794 1144 3877; baseline 0.008 -21"><span class='ocrx_word' id='word_1_314' title='bbox 79 3804 144 3857; x_wconf 88' lang='lat' dir='ltr'>erat</span> <span class='ocrx_word' id='word_1_315' title='bbox 176 3794 327 3857; x_wconf 87' lang='lat' dir='ltr'>firmitudo</span> <span class='ocrx_word' id='word_1_316' title='bbox 354 3830 398 3840; x_wconf 96' lang='lat'><em>-</em></span> <span class='ocrx_word' id='word_1_317' title='bbox 424 3816 520 3877; x_wconf 90' lang='lat' dir='ltr'>neque</span> <span class='ocrx_word' id='word_1_318' title='bbox 542 3805 664 3877; x_wconf 90' lang='lat' dir='ltr'>propter</span> <span class='ocrx_word' id='word_1_319' title='bbox 685 3795 874 3859; x_wconf 90' lang='lat' dir='ltr'>altitudinem</span> <span class='ocrx_word' id='word_1_320' title='bbox 896 3797 982 3860; x_wconf 90' lang='lat' dir='ltr'>laoile</span> <span class='ocrx_word' id='word_1_321' title='bbox 1005 3800 1098 3863; x_wconf 91' lang='lat' dir='ltr'>telum</span> <span class='ocrx_word' id='word_1_322' title='bbox 1114 3825 1144 3864; x_wconf 76' lang='lat' dir='ltr'>ro</span> 
     </span>
     <span class='ocr_line' id='line_1_42' title="bbox 78 3881 1099 3968; baseline 0.009 -26"><span class='ocrx_word' id='word_1_323' title='bbox 78 3881 282 3954; x_wconf 88' lang='lat' dir='ltr'>adiiciebatur,</span> <span class='ocrx_word' id='word_1_324' title='bbox 311 3891 342 3944; x_wconf 89' lang='lat' dir='ltr'>et</span> <span class='ocrx_word' id='word_1_325' title='bbox 369 3883 476 3944; x_wconf 91' lang='lat' dir='ltr'>eadem</span> <span class='ocrx_word' id='word_1_326' title='bbox 498 3884 535 3945; x_wconf 88' lang='lat' dir='ltr'>de</span> <span class='ocrx_word' id='word_1_327' title='bbox 557 3903 648 3945; x_wconf 87' lang='lat' dir='ltr'>causa</span> <span class='ocrx_word' id='word_1_328' title='bbox 670 3882 768 3945; x_wconf 90' lang='lat' dir='ltr'>minus</span> <span class='ocrx_word' id='word_1_329' title='bbox 792 3886 946 3946; x_wconf 90' lang='lat' dir='ltr'>commode</span> <span class='ocrx_word' id='word_1_330' title='bbox 968 3887 1099 3968; x_wconf 90' lang='lat' dir='ltr'>scopolis</span> 
     </span>
     <span class='ocr_line' id='line_1_43' title="bbox 78 3967 1099 4045; baseline 0.008 -15"><span class='ocrx_word' id='word_1_331' title='bbox 78 3967 315 4031; x_wconf 89' lang='lat' dir='ltr'>continebantur.</span> <span class='ocrx_word' id='word_1_332' title='bbox 363 3967 552 4044; x_wconf 88' lang='lat' dir='ltr'>Accedebat,</span> <span class='ocrx_word' id='word_1_333' title='bbox 580 3978 630 4045; x_wconf 90' lang='lat' dir='ltr'>ut,</span> <span class='ocrx_word' id='word_1_334' title='bbox 664 3987 731 4031; x_wconf 90' lang='lat' dir='ltr'>cum</span> <span class='ocrx_word' id='word_1_335' title='bbox 756 3969 874 4035; x_wconf 66' lang='lat' dir='ltr'>saevae</span> <span class='ocrx_word' id='word_1_336' title='bbox 894 3981 1005 4036; x_wconf 83' lang='lat' dir='ltr'>ventus</span> <span class='ocrx_word' id='word_1_337' title='bbox 1027 3995 1099 4038; x_wconf 83' lang='lat' dir='ltr'>coa-</span> 
     </span>
    </p>
   </div>
   <div class='ocr_carea' id='block_1_4' title="bbox 0 0 1312 4492">
    <p class='ocr_par' dir='ltr' id='par_1_4' title="bbox 0 0 1312 4492">
     <span class='ocr_line' id='line_1_44' title="bbox 0 0 1312 4492; baseline 0 0"><span class='ocrx_word' id='word_1_338' title='bbox 0 0 1312 4492; x_wconf 95' lang='lat' dir='ltr'> </span> 
     </span>
    </p>
   </div>
  </div>
 </body>
</html>
