2616 4492
377 295 447 341 nm.
462 295 524 342 v11.
547 294 623 342 cae.
639 277 776 341 55-60.
1030 281 1091 343 133

70 434 176 515 vigilia
204 453 343 513 egressus
371 436 490 507 eodem,
519 454 576 514 quc
604 442 746 506 vaserat,
768 432 874 512 itinere
896 433 1091 496 Melodunum

71 519 219 602 pervenit.
262 520 298 581 Id
332 530 379 582 est
406 521 547 600 oppidum
576 519 727 582 Senonum
755 519 909 584 ininsula
931 519 1091 600 Sequanae

71 608 220 686 positum,
255 614 290 666 ut
316 607 405 686 paolo
434 617 504 668 ante
533 607 569 669 de
596 606 721 668 Lutetia
743 605 881 667 diximus.
924 606 1090 686 Deprensis

71 693 201 754 navibus
224 692 342 754 circiter
364 692 579 773 quinquaginta
601 692 792 771 celeriterque
814 692 976 753 coniunctis
1000 701 1091 773 atque

70 799 106 840 eo
134 779 279 840 militibus
308 779 426 841 iniectis
455 789 486 840 et
507 780 550 841 rei
572 779 707 840 novitate
728 779 894 857 perterritis
917 778 1118 858 oppidanis‚a

71 885 198 945 quorum
221 884 330 945 magna
351 873 422 944 pa‘rs
446 875 512 927 erat
533 866 573 926 ad
595 864 704 926 bellum
720 874 860 937 evocata,
885 865 949 926 sine
965 875 1090 926 conten-

70 953 154 1013 tione
182 951 291 1029 oppido
319 953 440 1031 potitur.
484 952 609 1014 Refecto
637 961 744 1031 ponte,
778 971 865 1031 quem
888 951 1090 1030 superioribus

71 1039 179 1100 diebus
207 1038 310 1098 hostes
339 1038 535 1111 resciderunt,
569 1038 731 1099 exercitum
756 1037 886 1099 traducit
909 1049 940 1098 et
962 1039 1090 1100 secundo

71 1124 193 1185 flumine
216 1125 255 1185 ad
277 1124 430 1187 Lutetiam
452 1124 510 1186 iter
531 1126 629 1186 lacere
651 1123 757 1204 coepit.
796 1125 909 1185 Hostes
925 1131 956 1184 r'e
972 1125 1091 1204 cognita

73 1211 114 1271 ab
136 1210 189 1284 iis,
218 1210 269 1289 qui
290 1211 453 1272 Meloduno
476 1214 629 1291 fugerant,
651 1210 804 1279 Lutetiam
827 1210 945 1272 incendi
964 1204 1091 1289 pontes·
1105 1232 1134 1270 ro

72 1316 130 1376 que
153 1296 217 1357 eius
240 1297 342 1376 oppidi
363 1298 492 1359 rescindi
514 1298 632 1370 iubent;
655 1296 713 1376 ipsi
735 1296 858 1376 profecti
881 1316 900 1357 a
920 1296 1029 1374 palude
1052 1297 1092 1357 ad

72 1383 155 1462 ripas
184 1381 344 1462 Sequanae
367 1403 383 1445 e
405 1385 525 1464 regione
546 1383 688 1457 Lutetiae
715 1391 821 1443 contra
841 1381 969 1443 Labieni
990 1391 1092 1444 castra

72 1468 240 1530 considunt.
972 1528 976 1535 .
1003 1478 1006 1483 ’

137 1555 202 1615 Iam
226 1554 339 1614 Caesar
362 1574 382 1615 a
404 1554 555 1636 Gergovia
576 1554 750 1616 discessisse
767 1554 953 1629 audiebatur,
977 1553 1038 1615 iarn
1056 1556 1092 1616 de
1101 1555 1134 1608 59

71 1639 248 1702 Aeduorum
282 1640 444 1702 delectione
478 1651 508 1702 et
540 1641 668 1703 secundo
702 1639 822 1702 Galliae
849 1649 932 1702 motu
958 1659 1091 1702 rumores
1107 1662 1134 1700 rs

72 1727 298 1797 adferebantur,
323 1724 463 1806 Gallique
483 1727 515 1788 in
537 1725 701 1804 conloquiis
723 1726 915 1789 interclusum
937 1726 1042 1788 itinere
1063 1734 1093 1788 et

71 1813 174 1891 Ligeri
208 1812 370 1872 Caesarem
402 1813 506 1892 inopia
531 1811 672 1874 frumenti
699 1821 834 1874 coactum
856 1812 887 1873 in
904 1812 1093 1894 ¹provinciam

73 1899 263 1960 contendisse
285 1899 509 1960 confirmabant.
539 1897 708 1960 'Bellovaci
731 1907 831 1960 autem
847 1899 1011 1974 delectione
1025 1898 1091 1960 Ae·
1127 1915 1130 1919 ·

73 1987 200 2046 duorum
223 1984 356 2064 cognita,
380 1985 431 2065 qui
451 1985 513 2046 iam
536 1993 606 2046 ante
629 1994 716 2045 erant
736 2004 792 2064 per
807 2005 839 2046 se
853 1984 999 2059 infideles,
1023 2005 1092 2046 rna-

73 2091 131 2133 nus
159 2091 264 2151 cogere
292 2080 382 2150 atque
410 2080 514 2150 aperte
536 2071 647 2132 bellurn
669 2080 777 2151 parare
800 2081 969 2151 coeperunt.
1015 2070 1091 2132 Tum
1106 2094 1135 2131 ιο

72 2158 227 2220 Labienus
256 2166 344 2218 tanta
370 2177 470 2218 rerum
492 2157 724 2220 commutatione
746 2158 833 2238 longa
856 2158 938 2219 aliud
960 2157 1017 2218 sibi
1040 2176 1092 2218 ca·
1137 2224 1140 2230 Δ

72 2244 214 2324 piendum
236 2243 409 2318 consilium,
433 2253 523 2324 atque
546 2253 638 2306 antea
652 2252 812 2319 senserat,
826 2244 1021 2323 intellegebat
1036 2264 1091 2305 ne-

73 2351 131 2411 que
152 2331 228 2403 ianr,
256 2338 290 2392 ut
312 2331 424 2410 aliquid
447 2331 619 2412 adquireret
639 2330 812 2412 proelioque
834 2331 938 2393 hostes
961 2330 1093 2392 lacesse·

73 2427 135 2491 ret,
170 2418 224 2478 sed
256 2425 290 2478 ut
316 2416 491 2478 incolumem
519 2417 679 2479 exercitum
706 2413 894 2497 Agedincum
922 2418 1091 2491 reduceret,

73 2502 232 2583 cogitabat
276 2502 415 2583 Namque
438 2504 535 2565 altera
557 2523 595 2565 ex
616 2513 703 2583 parte
724 2504 905 2586 Bellovaci,
922 2522 997 2584 quae
1018 2502 1134 2564 civi-as

72 2598 122 2650 tas
149 2589 180 2649 in
209 2588 311 2650 Gallia
332 2590 494 2651 maximam
517 2590 610 2652 habet
633 2590 801 2669 opinionem
822 2590 960 2661 virtutis,
993 2590 1093 2650 insta·

72 2676 163 2746 bant,
197 2675 324 2735 alteram
352 2674 570 2754 Camulogenus
596 2685 705 2756 parato
728 2686 818 2756 atque
839 2676 982 2738 instructo
1006 2693 1092 2735 exer-

73 2762 135 2822 citu
156 2760 295 2831 tenebat;
318 2769 381 2820 tum
403 2761 535 2840 legiones
559 2781 578 2822 a
599 2761 750 2841 praesidio
767 2772 857 2842 atque
871 2760 1092 2841 impedimentis

71 2846 252 2908 interclusas
286 2844 448 2907 maximum
482 2847 592 2908 flumen
625 2848 798 2909 distinebat
854 2847 961 2909 Tantis
995 2846 1095 2907 subito

74 2930 302 2993 difficultatibus
336 2929 460 2992 obiectis
494 2933 533 2992 ab
561 2933 653 2994 animi
680 2935 800 3002 virtute.
820 2933 963 2994 auxilium
986 2942 1093 3011 peten-
1107 2954 1136 2991 ac

74 3020 145 3080 dum
172 3015 304 3081 videbat.
350 3015 414 3077 Sub
440 3036 598 3094 vesperum
620 3019 743 3080 consilio
766 3029 927 3086 convocato
951 3019 1092 3079 cohorta—
1102 3019 1136 3073 60

73 3115 140 3175 tua,
165 3112 200 3162 ut
221 3121 273 3174 ea,
300 3121 377 3181 quae
398 3101 591 3181 imperasset,
627 3104 783 3184 diligenter
809 3104 1013 3182 industrieque
1036 3105 1093 3165 ad-

74 3189 297 3261 ministrarent,
326 3207 437 3260 naves,
466 3207 541 3268 quas
562 3189 725 3254 Melcduno
749 3192 929 3262 deduxerat,
960 3190 1092 3268 singulas

74 3276 225 3357 equitibus
252 3273 399 3335 Romanis
427 3274 565 3336 attribuit
588 3284 618 3336 et
638 3276 737 3354 prima
758 3278 892 3338 confecta
913 3275 1015 3354 vigilia
1037 3290 1092 3336 1111

74 3363 158 3425 milia
180 3381 324 3441 passuum
348 3362 477 3423 secundo
499 3361 621 3422 flumine
643 3362 762 3423 silentio
785 3362 921 3443 progredi
943 3362 1043 3439 ibique
1060 3380 1093 3422 se
1107 3381 1134 3419 aa

75 3448 244 3528 exspectari
264 3447 355 3509 iubet.
401 3444 540 3527 Quinque
562 3448 821 3528 cohortes,.quas
850 3448 968 3508 minime
990 3449 1093 3508 firmas
1128 3449 1131 3453 ’

76 3535 338 3597 ad'dimicandum
362 3553 429 3595 esse
451 3533 659 3609 existimabat,
693 3534 801 3595 castris
828 3534 976 3618 praesidio
999 3533 1092 3594 relin-

76 3621 154 3702 quit3
189 3620 318 3700 quinque
352 3620 483 3682 eiusdem
516 3621 640 3701 legionis
669 3621 799 3700 reliquas
827 3623 864 3682 de
886 3620 985 3680 media
1007 3629 1093 3682 nocte

75 3727 143 3769 cum
177 3707 314 3768 omnibus
346 3707 567 3786 impedimentis
601 3710 729 3769 adverso
757 3708 877 3768 flumine
904 3725 1012 3785 magno
1040 3715 1092 3768 tu-

75 3795 171 3855 multu
203 3793 349 3873 proficisci
382 3794 519 3874 inrperat.
569 3793 727 3875 Conquirit
759 3793 848 3854 etiam
882 3792 1000 3855 lintres:
1036 3793 1093 3855 has
1109 3828 1136 3866 40

75 3899 183 3959 magno
206 3879 306 3941 sonitu
329 3899 477 3941 remorum
500 3880 641 3943 incitatas
663 3882 694 3942 in
717 3882 842 3942 'eandem
858 3889 974 3960 partem
991 3880 1092 3941 mittit.

74 3967 146 4046 Ipsa
177 3975 248 4047 post
280 3967 371 4048 paulo
405 3966 524 4029 silentio
553 3987 689 4048 egressus
716 3987 782 4029 cnm
808 3967 905 4039 tribus
927 3966 1092 4048 legionibus
