2616 4492
448 310 518 363 nte.
533 308 594 362 vn.
618 311 693 362 car.
708 297 824 362 8-12.
1086 299 1148 362 113

194 454 302 517 Altero
326 454 373 516 die
395 473 463 516 cum
485 455 525 517 ad
547 455 688 536 oppidum
711 451 863 517 Senonum
883 447 1190 518 Vellaunodunumll

130 541 279 614 venisset,
314 560 352 602 ne
379 561 468 622 quem
490 551 561 620 post
583 562 615 603 se
636 542 753 603 hostem
777 541 971 623 relinqueret,
1007 561 1065 621 quo
1093 560 1149 603 ex-

130 628 276 709 peditiore
304 647 336 688 re
362 628 559 689 frumentaria
586 636 729 701 uteretur,
753 646 925 709 oppugnare
947 627 1079 689 instituit
1099 627 1150 690 id-

131 734 188 795 que
210 715 300 776 biduo
322 714 573 775 circumvallavit:
603 715 691 775 tertio
719 714 767 775 die
790 714 891 775 missis
914 733 952 774 ex
974 714 1082 793 oppido
1104 714 1151 776 le-

131 801 210 882 gatis
239 801 275 861 de
302 800 453 861 deditione
475 819 560 861 arma
582 800 722 873 conferri,
749 799 883 861 iumenta
905 801 1044 879 produci,
1079 804 1181 863 sex-i

131 896 234 948 centos
263 887 382 948 obsides
406 886 471 947 dari
492 887 583 948 iubet.
627 887 675 947 Ea
696 885 747 966 qui
769 887 939 962 conficeret,
975 887 1008 948 C.
1032 883 1151 949 Treba-¹

131 973 214 1034 nium
236 973 368 1052 legatum
391 972 539 1053 relinquit.
583 974 668 1052 Ipse,
702 981 736 1033 ut
761 991 851 1052 quam
873 973 1002 1053 primurn
1023 973 1082 1034 iter
1102 973 1151 1034 ia-

131 1065 225 1131 ceret,
255 1058 414 1121 Genabum
437 1058 601 1120 Carnutum
623 1059 830 1139 proficiscitur,
860 1060 910 1139 qui
937 1068 1001 1121 tum
1022 1060 1152 1140 primum

132 1145 227 1207 allato
248 1145 354 1207 nuntio
377 1147 414 1211 dc
437 1146 657 1225 oppugnatione
678 1146 917 1220 Vellaunoduni,
945 1162 1011 1207 cum
1034 1146 1152 1227 longius

133 1251 200 1293 eam
222 1250 284 1294 rem
307 1233 428 1293 ductum
449 1231 486 1292 iri
508 1232 729 1306 existimarent,
752 1232 933 1312 praesidium
957 1232 1076 1294 Genabi
1100 1241 1152 1294 tn·
1167 1253 1195 1292 ro

134 1317 203 1379 endi
231 1337 324 1379 cansa
351 1318 431 1397 quod
452 1316 652 1392 inmitterent‚
683 1319 909 1398 comparabant.
960 1319 1029 1379 Huc
1060 1318 1151 1379 biduo

133 1403 281 1484 pervenit.
326 1403 443 1465 Castris
472 1411 543 1465 ante
566 1404 708 1484 oppidum
729 1404 837 1484 positis
860 1404 919 1466 diei
941 1413 1074 1484 tempore
1097 1423 1152 1465 ex·

133 1490 234 1551 clusus
256 1490 463 1570 inposterum
486 1490 736 1570 oppugnationem
760 1491 859 1552 differt
881 1508 1016 1572 quaeque
1032 1491 1071 1552 ad
1087 1508 1153 1551 earn

134 1595 199 1638 rem
220 1576 288 1637 usui
311 1576 386 1648 sint,
409 1576 554 1636 militibus
575 1576 704 1656 imperat
726 1585 772 1650 et,
796 1579 874 1658 quod
891 1577 1032 1657 oppidum
1049 1570 1154 1637 Gena-

134 1663 206 1724 bum
228 1680 304 1743 pons
327 1661 456 1723 fluminis
479 1661 596 1742 Ligeris
619 1662 825 1743 contingebat,
849 1663 980 1737 veritus,
1004 1682 1041 1724 ne
1063 1670 1195 1724 noctura

136 1768 174 1810 ex
207 1748 316 1828 oppido
343 1749 550 1827 profugerent,
584 1749 660 1809 duas
687 1748 820 1828 legiones
843 1747 872 1808 in
895 1748 985 1810 armis
1008 1750 1154 1810 excubare

134 1835 228 1896 iubet.
273 1833 469 1895 Cenabenses
502 1832 592 1914 paulo
625 1843 695 1896 ante
727 1831 858 1895 media-m
890 1844 1006 1895 noctem
1033 1834 1153 1898 silentio

137 1940 176 1982 ex
198 1919 307 2000 oppido
331 1919 443 2000 egressi
464 1920 574 1981 flumen
596 1920 725 1982 transire
747 1929 916 2001 coeperunt.
962 1918 1032 1989 Qua
1053 1940 1085 1982 re
1100 1941 1155 2001 per

137 2006 343 2086 exploratores
366 2005 505 2068 nuntiata
527 2005 642 2068 Caesar
656 2006 803 2086 legiones,
827 2025 902 2087 quas
919 2007 1075 2087 expeditas
1088 2027 1155 2070 esse

136 2094 282 2165 iusserat,
309 2092 404 2172 portis
431 2092 561 2154 incensis
588 2093 763 2155 intromittit
788 2103 879 2174 atque
906 2095 1015 2174 oppido
1042 2095 1157 2174 potitur
1170 2118 1199 2157 ao

136 2179 295 2260 perpaucis
318 2198 355 2240 ex
376 2179 509 2241 bostium
531 2197 653 2241 numero
677 2179 871 2254 desideratis,
897 2180 967 2259 quin
990 2181 1088 2242 cuncti
1103 2199 1156 2242 ca·-

136 2274 288 2346 perentur,
322 2267 413 2346 quod·
429 2260 531 2346 ponti's
560 2273 650 2346 atque
676 2266 816 2328 itinerum
840 2267 997 2347 angustiae
1018 2266 1157 2329 multitu·

139 2352 216 2414 dinis
238 2354 339 2432 fugam
360 2352 602 2414 intercluserant.
646 2350 799 2434 Oppidum
821 2352 924 2434 diripit
945 2361 1036 2435 atque
1050 2353 1156 2414 incen-

139 2439 197 2514 dit,
219 2441 363 2518 praedam
383 2439 529 2501 militibus
552 2441 659 2515 donat,
684 2438 845 2502 exercitum
865 2439 1005 2520 Ligerem
1026 2439 1157 2502 traducit

139 2533 230 2605 atquc
250 2525 283 2586 in
304 2525 472 2606 Biturigum
494 2527 568 2586 fines
589 2527 746 2617 pervenit,
1170 2548 1199 2588 rs

202 2610 448 2692 Vercingetorix,
471 2611 523 2673 ubi
544 2613 581 2674 de
604 2611 745 2674 Caesaris
769 2612 901 2674 adventu
923 2611 1077 2693 cognovit,
1101 2615 1201 2691 op-12

139 2697 323 2776 pugnatione
361 2697 478 2758 destitit
516 2705 606 2777 atque
639 2698 759 2760 obviam
792 2697 918 2759 Caesari
950 2697 1157 2778 proficiscitur.

139 2783 195 2844 Ille
218 2782 359 2862 oppidum
379 2782 593 2844 Noviodunum
616 2803 788 2865 oppugnare
809 2783 992 2846 instituerat.
1031 2781 1098 2853 Quo
1122 2802 1159 2845 ex

141 2867 250 2946 oppido
274 2886 341 2928 curn
362 2867 456 2947 legati
478 2869 517 2929 ad
541 2888 606 2930 eum
629 2871 785 2932 venissent
801 2880 928 2942 oratum,
950 2878 985 2931 nt
999 2869 1057 2931 sibi
1071 2871 1159 2950 igno-

142 2960 240 3015 sceret
262 2972 392 3033 suaeque
413 2953 496 3014 vitae'
519 2955 702 3028 consuleret,
725 2964 769 3016 ut
782 2955 935 3018 celeritate
957 2955 1088 3036 reliquas
1110 2975 1158 3016 res
1173 2979 1202 3017 ao

141 3040 316 3113 conficeret,
350 3056 409 3120 qua
429 3039 573 3119 pleraque
595 3049 661 3101 erat
682 3050 874 3116 consecutus,
904 3060 989 3103 arma
1017 3042 1159 3114 conferri,
1268 3044 1274 3055 '

142 3145 234 3208 equos
267 3126 405 3206 produci,
440 3125 559 3187 obsides
586 3126 651 3187 dari
678 3127 769 3188 iubet
813 3128 907 3190 Parte
933 3127 995 3189 iam
1023 3127 1161 3189 obsidum

141 3213 258 3274 tradita
290 3231 354 3273 curn
389 3212 505 3293 reliqua
542 3211 838 3288 administrarentur,
876 3213 1097 3275 centurionibus
1131 3220 1162 3274 et

141 3298 247 3380 paucis
281 3298 424 3361 militibus
457 3298 655 3373 intromissis,
690 3298 741 3379 qui
768 3319 854 3361 arma
875 3300 1066 3380 iumentaque
1088 3318 1161 3360 cou-

142 3384 309 3465 quirerent,
333 3385 484 3465 equitatus
506 3385 638 3447 hostium
659 3384 764 3466 procul
785 3386 868 3447 visus
892 3393 952 3460 est,
982 3386 1033 3466 qui
1055 3401 1161 3466 agmen
1176 3410 1204 3448 aa

142 3466 397 3552 Vercingetorigis
431 3479 641 3534 antecesserat.
687 3469 784 3541 Quem
813 3472 992 3551 simulatque
1020 3471 1162 3552 oppidani

144 3567 365 3638 conspexerunt
397 3566 487 3638 atque
519 3558 550 3619 in
583 3578 668 3638 spem
701 3555 805 3620 anxilii
837 3565 998 3632 venerunt,
1034 3559 1163 3619 clamore

145 3645 265 3706 sublato
294 3660 380 3705 arma
407 3660 529 3725 capere,
561 3653 667 3725 portas
691 3645 842 3718 claudere,
875 3664 993 3706 murum
1016 3645 1163 3724 complere

146 3739 314 3809 coeperunt.
359 3730 555 3793 Centuriones
577 3732 608 3793 in
629 3732 756 3813 oppido,
791 3750 858 3794 curn
885 3750 923 3792 ex
944 3731 1162 3811 significatione

146 3815 301 3878 Gallorum
335 3818 406 3878 novi
434 3817 547 3897 aliquid
572 3820 611 3880 ab
638 3819 675 3880 iis
697 3818 767 3880 iniri
790 3817 906 3880 consilii
928 3816 1161 3892 intellexissent,
1176 3840 1205 3880 so

146 3902 254 3982 gladiis
287 3904 436 3966 destrictis
462 3913 567 3984 portas
595 3914 814 3986 occupaverunt
836 3923 965 3984 suosque
988 3922 1092 3966 omnes
1114 3903 1163 3964 in-

147 3988 277 4051 columes
299 3998 485 4071 receperunt.
989 4073 1010 4136 8
