2616 4492
443 282 514 328 nns.
530 282 606 329 vm.
630 280 707 329 car.
725 264 860 329 14-19.
1094 266 1155 331 155

135 429 261 502 propter
292 419 409 499 copiam
442 421 586 483 frumenti
621 440 657 482 ac
687 420 791 502 pabuli
822 421 977 483 Romanos
1010 421 1157 483 missuros

136 508 347 587 suspicaretur.
393 503 461 576 Quo
484 508 603 587 cognito
625 507 750 569 consilio
772 507 905 588 legiones
925 507 1044 586 plures,
1067 527 1157 587 quam

137 594 272 667 solebat,
306 593 407 654 educit
434 594 674 674 equitatumque,
702 613 763 674 qua
789 594 1004 656 consuetudine
1026 593 1157 673 pabula-

135 681 253 743 toribus
275 679 396 740 mittere
417 680 569 758 praesidio
592 688 767 754 consuerat,
791 680 965 761 praemittit
1010 679 1089 741 Huic
1108 680 1158 741 in-

134 766 266 846 terponit
288 766 401 829 auxilia
415 765 491 826 levis
507 778 695 840 armaturae3
717 767 783 847 ipse
799 785 865 827 cum
881 765 1048 846 legionibus
1065 785 1186 846 quams

134 862 238 933 potest
260 852 389 913 maxime
412 853 641 933 adpropinquat

199 938 314 1000 Hostes
337 938 369 998 in
390 939 507 1000 insidiis
530 939 669 1019 dispositi
698 957 766 999 cnm
788 938 846 1000 sibi
868 938 1052 1018 delegissent
1073 943 1202 1000 cam-18

134 1044 208 1105 pum
240 1026 281 1086 ad
308 1043 372 1085 rem
399 1026 561 1104 gerendam
589 1044 650 1087 non
673 1025 801 1103 amplius
823 1033 978 1104 patentem
1000 1025 1032 1086 in
1054 1044 1157 1086 omnes

135 1120 240 1191 partes
274 1111 415 1190 passibus
443 1110 540 1184 mille,
574 1112 660 1173 silvis
686 1111 819 1190 undique
846 1120 900 1172 aut
927 1111 1157 1190 impeditissimo

135 1197 257 1272 flumine
284 1197 448 1270 munitum,
480 1198 565 1259 velut
591 1198 732 1278 indagine
752 1198 832 1258 hunc
852 1197 970 1258 insidiis
993 1197 1157 1258 oiroumde-
1178 1215 1202 1253 ro

135 1285 253 1345 derunt.
297 1284 465 1363 Explorato
498 1284 631 1346 hostium
663 1283 787 1347 oonsilio
817 1284 913 1344 nostri
941 1285 981 1344 ad
1003 1283 1158 1362 proelian-

135 1372 207 1431 dum
234 1369 335 1430 animo
363 1380 454 1449 atque
482 1370 574 1431 armis
596 1370 713 1451 parati,
747 1389 813 1430 cum
836 1370 1089 1450 subseqnentibus
1112 1369 1158 1430 le-

135 1456 273 1536 gionibus
306 1455 421 1517 nnllam
455 1456 675 1517 dimicationem
704 1464 898 1528 recusarent,
939 1456 1093 1516 turmatim
1127 1455 1159 1516 in

136 1561 206 1605 enm
233 1542 329 1603 locum
358 1543 551 1603 devenerunt.
596 1539 732 1616 Quorum
754 1543 886 1603 adventu
909 1561 975 1603 oum
998 1541 1056 1602 sibi
1079 1540 1157 1602 Cor-

135 1648 204 1690 reus
237 1628 370 1689 oblatam
398 1628 585 1689 occasionem
612 1628 656 1689 rei
684 1629 831 1707 gerendae
854 1628 1058 1701 existimaret,
1093 1628 1158 1706 pri-
1178 1648 1203 1685 rs

135 1734 203 1775 mus
238 1733 304 1775 cum
337 1713 441 1792 paucis
475 1732 507 1776 se
536 1714 670 1774 ostendit
696 1722 787 1792 atque
810 1713 841 1774 in
863 1714 1017 1793 proximas
1040 1722 1158 1775 turmas

135 1801 282 1878 impetum
310 1800 389 1861 iecit.
433 1798 540 1860 Nostri
562 1807 738 1860 constanter
759 1799 912 1860 incursum
935 1799 1087 1867 sustinent
1108 1800 1158 1860 in-

136 1886 315 1947 sidiatorum
338 1904 434 1966 neque
456 1886 555 1965 plures
577 1885 609 1947 in
631 1905 723 1946 unum
746 1884 841 1946 locum
857 1885 1054 1958 conveniunt,
1079 1887 1159 1966 quod

138 1971 313 2052 plerumque
346 1972 536 2052 equestribus
568 1971 691 2051 procliis
719 1990 785 2034 cum
812 1982 933 2052 propter
960 1972 1089 2051 aliquem
1115 1972 1158 2033 ti-

136 2077 251 2119 morem
273 2058 397 2130 accidit,
422 2066 486 2119 tum
508 2058 697 2120 multitudine
711 2058 852 2138 ,ipsorum
876 2058 1088 2121 detrimentum
1105 2077 1158 2120 ac-
1172 2080 1202 2119 ao

135 2144 252 2225 cipitur.

202 2230 278 2292 Cum
300 2230 455 2309 dispositis
477 2230 585 2293 turmis
606 2231 638 2292 in
660 2231 757 2292 vicem
779 2230 840 2292 rari
861 2230 1083 2309 proeliarentur
1103 2249 1157 2291 ne·
1169 2232 1202 2285 19

138 2336 195 2397 que
222 2318 261 2378 ab
288 2317 436 2380 lateribus
463 2318 666 2378 sucumveniri
688 2337 759 2379 snos
782 2325 966 2396 paterentur,
1001 2323 1160 2395 erumpunt

136 2404 227 2465 ceteri
250 2402 361 2465 Correo
384 2404 550 2484 proeliante
573 2422 611 2465 ex
632 2404 727 2465 silvis.
760 2403 813 2465 Fit
835 2422 946 2482 magna
968 2402 1159 2464 contentione

136 2490 287 2551 diversum
313 2491 470 2570 proelium.
515 2487 606 2560 Quod
628 2509 695 2552 oum
718 2491 830 2552 diutius
853 2489 920 2568 pari
941 2490 1042 2550 Marte
1064 2488 1159 2550 inire·
1173 2511 1202 2551 ss

135 2586 196 2650 tur,
221 2577 371 2656 paulatim
394 2595 432 2638 ex
454 2577 539 2638 silvis
561 2578 710 2638 instructa
732 2576 892 2637 multitudo
914 2576 1052 2655 procedit
1072 2575 1159 2654 pedi-

135 2671 219 2736 tum,
249 2682 326 2742 quae
354 2664 592 2743 nostrochodgit
614 2665 717 2724 cedere
739 2663 863 2742 equites
909 2659 1026 2731 Quibus
1050 2660 1159 2722 celeri·

135 2757 183 2810 ter
211 2748 392 2809 subveniunt
413 2748 489 2809 levis
512 2758 684 2810 armaturae
705 2749 843 2828 pedites,
873 2767 948 2826 quos
972 2757 1042 2809 ante
1065 2747 1159 2826 legio-

137 2853 191 2894 nes
224 2833 335 2894 missos
363 2833 465 2907 docui,
499 2834 664 2914 turmisque
691 2843 862 2896 nostrorum
889 2833 1063 2912 interpositi
1084 2853 1159 2894 con-

136 2927 256 2980 stanter
283 2919 476 2997 proeliantur.
527 2919 685 3000 Pugnatur
717 2918 901 3000 aliquamdiu
933 2920 1000 2997 pari
1033 2927 1159 2980 conten·
1176 2937 1204 2975 ao

135 3005 233 3078 tione3
257 3005 379 3077 deinde,
402 3013 437 3065 ut
458 3004 535 3066 ratio
551 3006 726 3083 postulabat
740 3005 861 3085 proelii,
885 3005 936 3084 qui
952 3005 1160 3066 sustinuerant

136 3092 249 3173 primos
282 3091 412 3170 impetus
444 3090 636 3165 insidiarum,
673 3092 731 3152 hoc
763 3090 830 3170 ipso
863 3092 940 3151 fiunt
973 3091 1158 3169 superiores,

137 3180 217 3259 quod
245 3177 360 3238 nullum
382 3178 420 3239 ab
442 3175 655 3237 insidiantibus
676 3177 882 3256 imprudentes
905 3186 1082 3257 acceperant
1105 3177 1160 3237 de-

135 3265 319 3326 trimentum.
363 3263 522 3324 Accedunt
545 3262 668 3342 propius
690 3262 810 3323 interim
832 3262 980 3341 legiones,
1009 3262 1161 3341 crebrique

138 3353 245 3432 eodem
280 3360 414 3430 tempore
442 3359 473 3410 et
501 3349 613 3411 nostris
641 3359 672 3411 et
700 3348 836 3409 hostibus
865 3349 963 3409 nuntii
984 3349 1161 3409 adferuntur
1176 3367 1205 3405 aa

136 3439 347 3518 imperatorem
382 3436 538 3498 instructis
571 3436 665 3515 copiis
698 3436 816 3495 adesse.
872 3431 941 3502 Qua
973 3454 1006 3495 re
1040 3433 1161 3513 cognita

135 3525 289 3605 praesidio
323 3523 489 3584 cohortium
523 3522 628 3583 confisi
661 3521 758 3583 nostri
791 3520 934 3582 acerrime
961 3520 1159 3599 proeliantur,

137 3631 191 3685 ne,
215 3613 243 3672 si
264 3612 381 3673 tardius
404 3629 468 3671 rem
490 3607 670 3690 gessissent,
693 3607 837 3668 victoriae
854 3607 977 3686 gloriam
993 3607 1160 3668 communi-

137 3717 224 3760 casse
246 3718 311 3759 cnm
334 3697 499 3777 legionibus
522 3696 710 3768 viderentur3
740 3694 843 3754 hostes
870 3693 1029 3754 concidunt
1051 3693 1159 3756 animis

137 3792 228 3863 atque
261 3785 418 3845 itineribus
452 3783 580 3844 diversis
608 3783 709 3861 fugam
737 3790 894 3861 quaerunt.
938 3780 1158 3859 Nequicqnam:
1176 3801 1205 3839 so

139 3889 209 3930 nam
234 3871 339 3950 quibus
363 3870 589 3932 difficultatibus
612 3869 745 3930 locorum
767 3867 924 3928 Romanos
947 3866 1086 3927 claudere
1102 3886 1160 3928 uo-

139 3955 268 4028 luerant,
290 3955 328 4016 iis
350 3955 408 4034 ipsi
431 3957 619 4018 tenebantur.
664 3955 747 4016 Victi
769 3963 870 4015 tamen
891 3951 1076 4032 perculsique
1092 3973 1160 4014 nra-
