2616 4492
231 276 292 341 162
532 343 535 350 ,
557 292 607 339 nn
629 291 747 339 annno
771 289 926 339 eannrco

230 432 376 512 legionem
398 450 490 493 unam
513 431 544 492 in
566 431 649 493 trina
676 439 780 493 castra
809 429 976 504 distribuit,
1005 429 1133 492 alteram
1155 448 1256 492 seeum

230 519 402 600 expeditam
424 518 515 579 ducit.
560 517 638 580 Cum
659 518 783 599 propius
805 517 909 578 hostes
924 515 1119 590 accessisset,
1143 517 1183 577 ab
1198 535 1255 578 ex·

229 605 448 686 ploratoribns,
481 623 558 684 quos
585 604 799 684 praemiserat,
833 599 985 683 cognoscit
1012 611 1115 665 castra
1135 621 1257 679 eorum,

229 701 263 754 ut
283 691 482 752 barbarorum
503 692 567 752 lere
590 691 774 753 consuetudo
790 698 852 762 est,
876 689 987 750 relictis
1002 687 1075 750 locis
1090 689 1257 768 superiori-

201 779 287 839 sbus
320 778 360 838 ad
389 776 472 856 ripas
495 796 561 837 esse
582 776 714 838 fluminis
737 776 884 849 demissa;
919 785 952 836 at
974 774 1144 837 Germanos
1169 775 1257 857 eqni-

230 874 336 944 tesque
373 862 613 942 imprudentibus
651 863 789 924 omnibus
823 864 860 924 de
891 860 1056 941 improviso
1091 862 1257 924 advolasse

230 949 436 1030 proeliumque
459 949 654 1011 commisisse.
693 947 764 1019 Qua
785 968 818 1010 re
840 947 960 1029 cognita
981 946 1128 1028 legionem
1151 967 1258 1011 arma-

230 1047 295 1098 tam
316 1035 553 1116 instructamque
575 1035 705 1098 adducit.
738 1036 788 1097 Ita
810 1042 933 1121 repente
949 1034 1087 1097 omnibus
1102 1053 1141 1096 ex
1155 1035 1257 1115 parti-

230 1123 289 1184 bus
311 1121 396 1200 signo
420 1122 491 1182 dato
514 1122 581 1183 loca
604 1120 760 1202 superiora
781 1121 949 1202 capiuntur.
993 1117 1085 1189 Quod
1105 1120 1158 1182 nbi
1172 1121 1257 1184 acci-

189 1231 218 1270 ιο
232 1208 292 1283 dit,
316 1207 462 1269 Germani
484 1208 657 1288 equitesque
680 1208 773 1288 signis
798 1207 924 1288 legionis
949 1207 1026 1268 visis
1047 1207 1257 1270 vehementis·

232 1294 307 1356 sime
340 1293 534 1375 proeliantur.
579 1294 743 1356 Confestim
776 1295 913 1356 cohortes
946 1292 1077 1373 undique
1109 1293 1258 1373 impetum

230 1380 346 1443 faciunt
368 1380 566 1461 omnibusque
588 1388 642 1442 aut
655 1380 821 1442 interfectis
837 1389 891 1442 eut
905 1379 1001 1459 captis
1017 1398 1129 1461 magna
1142 1381 1258 1461 praeda

231 1467 396 1548 potiuntur.
441 1465 569 1547 Capitur
590 1467 655 1548 ipse
678 1487 713 1529 eo
736 1466 850 1548 proelio
871 1466 1021 1546 Drappes.

189 1557 223 1609 37
297 1552 442 1614 Caninius
475 1552 646 1615 felicissime
677 1572 711 1614 re
744 1563 830 1634 gesta
856 1551 922 1614 sine
948 1551 1009 1613 ullo
1031 1570 1128 1631 paene
1149 1550 1256 1615 militis

189 1663 217 1701 ιι
231 1640 355 1702 vulnere
390 1640 430 1700 ad
462 1640 643 1702 obsidendos
677 1639 847 1720 oppidanos·
876 1638 1038 1700 revertitur
1070 1645 1256 1719 externoque

231 1727 320 1788 hoste
354 1724 469 1799 deleto,
503 1726 587 1788 cuius
619 1727 727 1788 timore
758 1735 851 1787 antea
877 1724 1011 1786 dividere
1038 1723 1194 1804 praesidia
1225 1733 1256 1787 et

232 1811 397 1874 munitione
430 1811 597 1892 oppidanos
630 1812 814 1874 circumdare
845 1810 1017 1891 prohibitus
1045 1818 1128 1886 erat,
1163 1829 1256 1891 opera

232 1899 363 1978 undique
385 1898 515 1978 imperat
536 1898 755 1969 administrari.
795 1897 890 1960 Venit
912 1897 1016 1958 eodem
1038 1915 1105 1958 cum
1120 1896 1184 1959 suis
1200 1916 1254 1959 co-

231 1982 292 2063 piis
325 1992 447 2064 postero
481 1984 528 2045 die
561 1984 658 2046 Gaius
685 1984 799 2046 Fabius
826 1992 1003 2065 partemque
1031 1981 1135 2063 oppidi
1161 1983 1257 2047 sumit

189 2094 219 2132 eo
233 2071 273 2131 ad
295 2069 502 2131 obsidendum.

189 2161 224 2210 38
297 2155 412 2217 Caesar
432 2155 552 2217 interim
574 2155 618 2217 Μ.
640 2154 808 2219 Antonium
836 2163 1027 2235 quaestorem
1053 2173 1120 2217 cum
1145 2153 1256 2217 cohor-

232 2241 313 2304 tibus
335 2256 385 2303 xv
407 2240 439 2303 in
460 2241 631 2303 Bellovacis
652 2242 809 2323 relinquit,
837 2262 875 2304 ne
898 2261 958 2322 qua
980 2260 1084 2303 rursus
1106 2236 1262 2305 nouorum'

233 2326 425 2390 consiliorum
447 2327 659 2409 capiendorum
680 2328 783 2410 Belgis
804 2328 934 2390 facultas
956 2328 1094 2401 daretnr3
1115 2326 1183 2407 ipse
1202 2346 1255 2389 re·

232 2413 331 2494 liques
364 2413 502 2476 civitates
536 2413 616 2489 adit,
650 2415 770 2476 obsides
802 2414 905 2494 plures
931 2414 1078 2493 imperat,
1110 2413 1255 2477 timentes

188 2524 218 2565 aa
232 2499 365 2561 omnium
397 2499 514 2561 animoa
547 2500 752 2563 consolatione
785 2509 884 2562 sanat.
940 2499 1017 2562 Cum
1043 2500 1076 2561 in
1100 2498 1255 2563 Carnutes

230 2585 382 2662 venisset,
411 2605 537 2666 quorum
558 2586 591 2648 in
613 2587 736 2649 civitate
758 2587 909 2667 superiore
934 2585 1150 2657 commentario
1168 2585 1255 2650 'Cae-

232 2690 284 2733 sar
306 2672 447 2752 exposuit
467 2671 586 2735 initium
607 2672 679 2736 belli
701 2694 768 2736 esse
791 2682 904 2748 ortum,
928 2673 1008 2754 quod
1026 2672 1186 2753 praecipue
1201 2692 1255 2736 eos

231 2767 355 2838 propter
375 2759 590 2821 conscientiam
610 2761 682 2822 lacti
704 2759 808 2822 timere
829 2759 1105 2832 animadvertebat,
1128 2778 1190 2840 qno
1204 2779 1255 2823 co-

230 2844 322 2906 lerius
349 2844 501 2907 civitatem
529 2845 635 2908 timore
656 2846 812 2920 liberaret,
840 2846 1005 2927 principem
1027 2845 1151 2907 sceleris
1172 2845 1255 2909 illius

187 2955 217 2993 ao
231 2940 262 2992 et
288 2930 502 2993 concitatorem
528 2931 600 2994 belli
626 2932 787 2994 Cotuatum
810 2933 850 2993 ad
871 2931 1046 3013 supplicium
1068 2931 1256 3013 depoposcit

231 3014 292 3086 Qui
314 3017 373 3079 etsi
400 3036 437 3078 ne
464 3017 580 3081 civibus
607 3019 727 3099 quidem
754 3020 816 3080 suis
839 3038 873 3079 se
896 3019 1118 3091 committebat,
1150 3026 1255 3081 tamen

230 3103 367 3165 celeriter
389 3104 521 3165 omnium
543 3124 616 3166 cura
632 3105 792 3185 ,quaesitus
814 3105 847 3167 in
868 3114 970 3167 castra
983 3104 1167 3185 perducitur.
1190 3104 1255 3168 co-

230 3189 311 3271 gitur
331 3190 362 3251 in
386 3191 449 3251 eius
472 3190 650 3271 supplicium
671 3191 786 3254 Caesar
801 3201 907 3253 contra
922 3209 1009 3253 snam
1023 3198 1165 3253 naturam
1179 3210 1256 3253 oon·

229 3296 319 3338 cursu
351 3277 482 3338 maximo
516 3277 659 3352 militnm,
693 3279 745 3358 qui
772 3278 800 3340 ei
826 3276 928 3339 omnia
952 3276 1084 3357 pericula
1104 3285 1135 3339 et
1156 3276 1254 3341 detri-

185 3388 214 3425 ss
229 3371 332 3425 menta
353 3362 424 3424 belli
446 3373 571 3442 accepta
592 3364 776 3439 referebant,
801 3365 877 3426 adeo
898 3373 933 3426 ut
951 3363 1128 3426 verberibus
1142 3362 1253 3427 exam-

229 3457 343 3511 matum
366 3468 472 3528 corpus
495 3450 593 3512 securi
613 3451 760 3513 feriretur.

185 3540 220 3591 39
293 3535 340 3596 Ibi
369 3536 481 3598 crebris
509 3536 619 3599 litteris
647 3536 767 3599 Caninii
788 3536 822 3598 fit
844 3536 962 3608 certior,
989 3554 1067 3616 quae
1089 3536 1128 3598 de
1147 3534 1254 3616 Drap-

228 3630 298 3699 pete
326 3629 357 3682 et
383 3622 523 3684 Lucterio
551 3633 637 3704 gesta
664 3631 766 3684 essent
787 3641 904 3703 qnoque
925 3623 957 3683 in
980 3621 1104 3684 consilio
1126 3641 1252 3702 perma-

228 3716 335 3768 nerent
367 3708 518 3788 oppidani.
569 3706 705 3778 Quorum
733 3708 790 3770 etsi
817 3708 999 3789 paucitatem
1021 3708 1252 3783 contemnebat,

183 3816 213 3853 so
227 3799 330 3854 tamen
355 3794 550 3874 pertinaciam
571 3813 683 3875 magna
703 3814 801 3874 poena
823 3815 889 3857 esse
911 3794 1111 3857 adficiendam
1131 3794 1253 3859 iudica·

228 3878 297 3953 bat,
326 3899 364 3941 ne
390 3880 533 3942 universa
558 3878 663 3945 Callia
689 3900 750 3942 non
772 3881 830 3943 sibi
852 3882 931 3944 vires
954 3881 1086 3945 defuisse
1108 3882 1149 3944 ad
1170 3880 1252 3944 reai-

227 3965 364 4027 utendum
397 3966 559 4040 Romanis,
593 3968 647 4029 sed
680 3969 881 4032 constantiam
913 3977 1052 4049 putaret,
1085 3986 1163 4031 neve
1189 3965 1252 4031 boc
