2616 4492
217 264 257 342 12
581 275 696 324 curor
718 274 866 326 emuna.

216 424 326 498 potest.
373 416 520 478 Similiter
543 415 594 476 ubi
617 435 706 477 unam
730 416 862 477 litteram
886 416 976 476 binae
998 412 1122 475 eaedem
1145 420 1238 474 ante·

216 503 365 565 cedebant
381 511 412 563 et
426 502 631 582 sequebantur
652 505 736 564 iacta
758 510 807 564 est
829 501 963 574 omissio,
987 501 1072 563 cuius
1095 500 1239 580 exempla

216 610 254 651 ex
276 591 302 652 P
331 589 442 650 adferri
471 597 600 668 possunt
627 588 679 663 80,
704 590 741 650 21
767 588 1006 670 reprehendam,
1041 587 1113 658 144,
1138 588 1158 646 2
1181 587 1237 648 de·

206 677 352 757 seudum,
378 674 449 749 136,
464 675 502 736 31
519 676 733 737 neceesarium
749 673 819 757 (pro
833 671 1114 758 necessariarum).
1154 671 1237 734 Sae-

215 763 281 844 pius
314 782 387 822 vero
421 763 557 842 pluribus
590 762 703 823 litteris
731 763 801 841 quin
830 762 921 823 etiam
946 760 1083 841 pluribus
1106 758 1238 840 syllabis

216 859 270 911 aut
298 848 398 909 verbis
427 848 594 910 interiectis
622 848 794 911 litterarum
823 849 917 910 series
948 848 1062 910 1161616
1084 865 1147 909 una
1169 865 1237 907 curu

216 934 471 998 intercedentibus
507 936 719 996 omittebatur:
756 945 790 997 ut
824 936 876 1010 66,
907 935 947 995 32
979 954 1039 1015 666
1069 933 1240 1014 superiore

215 1042 301 1086 auae
327 1023 519 1104 perfuerunt
550 1022 602 1083 uei
637 1019 708 1102 (pro
726 1023 875 1105 perfupio
888 1023 1027 1104 fueraut
1046 1020 1115 1104 uei)
1147 1019 1239 1082 PRA

214 1108 339 1171 habeut.
384 1107 451 1178 Quo
482 1109 568 1169 nrodo
597 1109 753 1188 complura
780 1110 876 1171 verba
902 1117 1027 1189 propter
1055 1109 1238 1168 homoeote-

215 1197 319 1257 leuton
353 1194 502 1257 excidisse
536 1195 748 1276 intellegimus.
792 1197 828 1258 In
856 1194 944 1258 PRA
973 1195 1048 1256 haec
1080 1194 1239 1274 leguntur:

218 1280 335 1356 114,9
367 1282 480 1362 quibua
514 1281 661 1365 confectio
695 1280 765 1363 (pro
792 1282 905 1363 quidue
936 1282 1029 1343 rebua
1060 1280 1238 1363 confectio),

215 1367 267 1443 69,
291 1369 328 1431 41
362 1369 398 1429 ia
420 1369 463 1430 iio
476 1369 561 1452 flare
592 1367 727 1449 (nomine¹
750 1367 828 1432 locis
850 1368 986 1449 6661116
1008 1366 1151 1449 omisso),
1188 1367 1238 1441 74,

216 1456 235 1519 6
258 1476 297 1517 ea
320 1455 467 1544 pmuibua
490 1455 533 1517 ad
552 1453 755 1537 pabulatores
779 1452 908 1536 (omisso
924 1453 1103 1537 partibus),
1127 1452 1240 1528 43,17

214 1563 277 1605 666
299 1543 505 1604 nauticarum
533 1540 671 1621 reliquae
698 1542 885 1604 antecedunt
913 1538 1096 1621 (scripserat
1119 1539 1240 1603 Caesar

214 1649 278 1691 usu
299 1629 504 1690 nauticarum
526 1647 636 1690 rerum
658 1628 749 1712 cet),
783 1628 853 1703 134,
878 1628 919 1690 35
942 1634 1055 1689 contra
1077 1624 1240 1689 labienum

217 1713 253 1797 (a
275 1715 424 1794 principio
453 1721 565 1777 coatra
595 1721 702 1776 caetra
731 1712 848 1776 labieni
870 1714 974 1795 procul
997 1712 1087 1775 dubio
1110 1711 1239 1798 luerat).

216 1801 320 1864 Habet
344 1802 372 1863 R
397 1800 468 1874 164,
494 1802 532 1863 15
556 1801 731 1881 rectiorque,
756 1801 806 1863 ubi
828 1801 937 1864 uotior
965 1800 1167 1880 testatiorque
1190 1809 1239 1863 tc·

216 1898 289 1950 nent
316 1887 418 1949 ceteri.
466 1887 536 1960 128,
560 1890 597 1950 21
636 1907 673 1949 ex
707 1888 809 1950 verbis
842 1895 931 1970 atquc
964 1887 1117 1969 inferiore
1151 1888 1241 1951 omui

216 1976 322 2057 apatio
344 1995 441 2037 uacuo
464 1973 573 2038 relicto
595 1975 794 2057 superiorem
817 1981 940 2056 partem
968 1973 1044 2036 nihil
1066 1974 1127 2035 uisi
1149 1981 1241 2056 61666

216 2062 402 2142 inferiorem
422 2068 549 2142 partera
571 2070 671 2123 restat
692 2063 722 2122 in
747 2061 820 2123 ΑΜ.
866 2060 1037 2123 Verborum
1067 2080 1144 2140 quac
1168 2070 1240 2124 sunt

220 2149 291 2222 123,
314 2149 355 2208 33
384 2148 420 2209 de
442 2149 678 2229 eapupuatioae
700 2147 886 2230 desperavit,
916 2148 953 2210 de
976 2147 1152 2211 6666661666
1174 2170 1241 2212 aaa

213 2235 310 2316 priua
333 2234 490 2314 apeadum
512 2235 678 2297 coustituit
698 2235 774 2296 haec
796 2235 871 2296 tria:
901 2234 1086 2315 desperarit,
1118 2235 1156 2297 de
1185 2237 1240 2299 ob-

217 2321 355 2383 66661666
385 2321 500 2382 666661
523 2340 542 2381 6
563 2321 651 2382 PRA
674 2322 842 2402 ceterisque
865 2322 998 2383 eiusdem
1021 2321 1149 2400 generis.
1194 2323 1239 2384 Ii-

219 2408 284 2468 dem
321 2407 392 2479 154,
418 2405 457 2468 26
489 2416 561 2486 6661
594 2409 758 2487 promouit
790 2414 875 2487 (nam
905 2408 950 2469 ita
977 2408 1071 2470 161666
1101 2408 1238 2495 videtur)

218 2500 343 2556 tur-maa
365 2493 471 2564 mittit,
501 2494 527 2555 61
550 2495 694 2555 omissum
721 2506 778 2566 est,
803 2495 978 2568 omiserunt,
1022 2493 1170 2557 Notabile
1193 2505 1241 2559 cst

217 2580 266 2642 bis
283 2580 422 2641 omnibus
437 2580 512 2641 16616
527 2581 593 2641 611.
609 2599 668 2641 666.
684 2581 793 2642 6166616
809 2582 957 2662 integram
974 2580 1119 2644 exhibere
1140 2583 1239 2664 scrip·

218 2675 330 2740 turam,
355 2665 487 2739 616143,
514 2666 553 2728 17
574 2687 685 2728 rerum
713 2668 812 2731 alieno
841 2669 907 2729 loco
930 2668 1095 2749 repositum
1119 2670 1240 2732 inveni-

221 2773 296 2815 mus.
340 2754 455 2814 Eadem
479 2755 542 2815 iere
567 2773 614 2814 res
638 2762 686 2816 cst
715 2752 787 2829 127,
811 2754 864 2829 36,
888 2755 941 2817 661
962 2755 1039 2816 haec
1061 2764 1148 2818 sunt:
1176 2778 1240 2819 uu·

219 2860 341 2903 merum
374 2840 675 2922 impedimentorum
703 2862 742 2905 ea
770 2841 886 2903 castris
914 2840 1136 2924 mulorumque
1159 2864 1240 2926 pro·

219 2927 293 2989 duci
314 2934 404 3007 atque
425 2927 469 2989 iic
487 2935 664 2990 atramenta
677 2928 811 3002 detrahi,
837 2947 960 3008 quorum
976 2929 1138 2992 verborum
1152 2930 1240 2994 PRA

219 3015 295 3075 haec
318 3023 435 3075 tautum
458 3014 589 3075 babent:
613 3036 782 3078 numerum
805 3015 1103 3097 impedimentorum
1125 3037 1166 3081 ca
1185 3038 1240 3081 ca·

219 3102 299 3163 atrio
320 3101 461 3174 detrahi,
485 3101 537 3163 ubi
560 3102 587 3163 si
608 3103 687 3164 lorte
712 3103 743 3163 in
767 3103 891 3182 antiquo
914 3101 993 3163 libro
1016 3103 1155 3184 superior
1169 3125 1241 3166 ver-

220 3207 271 3249 sus
300 3188 331 3248 in
354 3187 457 3248 verbis
481 3208 520 3249 ea
543 3190 659 3250 caetris
682 3188 784 3263 desiit,
809 3208 938 3270 sequens
959 3207 1049 3264 vero,
1078 3201 1114 3252 ut
1135 3211 1240 3254 exem-

219 3275 264 3355 pli
287 3294 380 3336 causa
401 3282 532 3354 ponatur
553 3274 680 3356 aliquid,
703 3276 753 3337 hic
774 3276 846 3337 luit:
875 3274 1098 3359 mulorumque
1114 3279 1241 3360 produ·

221 3361 251 3424 ci
273 3382 310 3424 ac
331 3368 507 3422 stramenta
526 3361 580 3436 iic,
609 3362 698 3424 lacile
722 3365 761 3425 ad
783 3363 907 3426 detrahi
929 3364 1035 3425 statim
1058 3383 1091 3425 se
1114 3366 1243 3429 contulit

221 3449 248 3511 is
270 3447 320 3528 qui
343 3447 508 3528 principem
531 3448 664 3510 codicem
687 3451 802 3531 primae
831 3449 940 3511 classis
969 3452 1119 3513 exaravit.
1166 3453 1242 3516 Scr-

220 3545 310 3596 vatus
341 3553 413 3596 vero
446 3534 497 3595 ille
530 3554 636 3597 versus
667 3537 699 3599 in
729 3557 764 3598 66
793 3537 942 3616 exemplo,
975 3557 994 3598 6
1022 3557 1080 3617 666
1110 3542 1243 3603 secunda

194 3653 197 3660 ·
221 3623 329 3683 classis
353 3621 497 3701 originem
520 3623 613 3696 ducit,
636 3623 788 3705 deinceps,
812 3630 846 3684 ut
867 3623 899 3684 in
922 3623 980 3685 hoc
1002 3624 1065 3686 alia
1086 3625 1240 3710 pleraque,

222 3717 423 3769 commutatus
446 3716 502 3769 cst.
547 3710 667 3771 Desunt
689 3718 849 3790 praetcrea
871 3710 902 3770 in
925 3711 1025 3789 prima
1044 3711 1145 3773 classe
1170 3717 1240 3792 123,

221 3793 263 3855 26
279 3795 444 3868 traductio,
470 3794 541 3868 129,
559 3797 599 3856 33
612 3805 833 3878 pupaaretur;
859 3796 968 3875 quibus
984 3801 1242 3863 annumerandum

222 3888 270 3941 est
294 3881 365 3954 123,
392 3881 430 3942 17
454 3882 570 3944 caetris
589 3904 668 3964 po·,
697 3885 756 3946 nisi
780 3892 811 3946 et
832 3883 890 3944 hoc
912 3891 943 3944 ct
965 3885 1045 3964 quod
1068 3894 1174 3948 exstat
1195 3887 1242 3949 si-

222 3966 264 4032 tto
285 3967 490 4031 adventicium
511 3977 577 4046 est;
606 3989 683 4052 quae
706 3980 760 4035 aut
780 3969 930 4053 singulari
951 3970 988 4034 de
1011 3988 1106 4035 causa
1127 3972 1243 4039 omissa
