2616 4492
226 251 288 327 loo
545 263 598 325 nu
620 276 738 325 annuo
762 275 918 325 caturco

224 417 346 480 milibus
374 435 412 478 ex
435 417 507 497 luga
529 416 659 496 quinque
681 415 813 478 collectis
835 414 1021 496 provinciam
1042 420 1146 494 petere
1167 418 1248 474 una:

225 523 283 584 que
306 501 462 565 consilium
485 522 551 564 cum
574 522 608 564 eo
629 503 802 565 Lucterium
825 502 992 564 Cadurcum
1009 500 1136 581 cepisse,
1160 518 1248 580 quem

226 590 378 671 superiore
407 589 621 651 commentario
649 590 746 669 prima
768 589 931 650 defectione
953 586 1073 649 Galliae
1095 588 1194 648 lacere
1216 585 1249 647 in

225 676 412 757 provinciam
439 675 572 736 voluisse
599 675 744 755 impeturn
771 675 920 755 cognitum
944 682 1005 748 est,
1034 673 1179 735 Caninius
1202 671 1250 733 le-

197 772 314 844 sgatus
348 782 413 823 cum
446 761 612 841 legionibus
640 762 757 823 duabus
786 763 825 822 ad
853 780 904 822 eos
926 761 1151 840 persequendos
1174 778 1250 820 con-

225 848 339 922 tendit,
369 868 406 909 ue
436 848 613 909 detrimento
637 858 691 909 aut
711 849 819 910 timore
841 847 1012 926 provinciae
1035 865 1145 926 magna
1166 846 1250 907 inla-

182 945 215 995 31
227 935 288 996 mia
309 934 493 1015 perditorum
516 934 668 995 homiuum
691 933 855 995 latrociniis
879 944 1043 1013 caperetur.
1072 932 1168 994 Gaius
1183 933 1251 992 Fa·-

226 1021 294 1082 bius
328 1039 394 1081 cum
427 1020 542 1100 reliquo
570 1021 702 1081 exercitu
728 1021 760 1081 in
783 1020 933 1081 Carnutes
955 1028 1130 1098 ceterasque
1152 1018 1251 1098 proli-⁴

227 1106 347 1168 ciscitur
368 1106 523 1180 civitates,
548 1126 673 1186 quarum
695 1126 729 1168 eo
752 1106 879 1187 proelio,
903 1107 982 1186 quod
1004 1124 1070 1167 cum
1091 1105 1250 1166 Dumnaco

183 1222 212 1261 ro
225 1193 352 1265 fecerat,
387 1193 489 1272 copias
519 1212 586 1254 esse
613 1192 728 1254 accisas
756 1192 879 1254 sciebat.
928 1192 1000 1254 Non
1021 1191 1102 1253 enirn
1126 1190 1251 1252 dubitas

225 1280 296 1353 bat,
321 1278 391 1359 quin
413 1279 523 1340 recenti
546 1278 719 1340 calamitate
735 1278 964 1341 summissiores
987 1287 1090 1340 essent
1110 1278 1249 1353 futurae,

227 1366 299 1428 dato
333 1384 405 1426 vero
428 1365 533 1445 =spatio
562 1385 598 1426 ac
624 1374 758 1446 ternpore
781 1367 885 1427 eodem
906 1364 1071 1445 instigante
1091 1363 1250 1426 Dumnaco

226 1459 354 1531 possent
375 1451 526 1512 concitari.
572 1449 643 1521 Qua
663 1452 696 1512 in
717 1471 750 1513 re
772 1471 890 1513 summa
911 1451 1038 1513 felicitas
1053 1450 1250 1531 celeritasque

227 1538 260 1600 in
282 1537 457 1618 recipiendis
480 1537 653 1599 civitatibus
674 1538 804 1599 Fabium
826 1537 1024 1617 consequitur.
1069 1536 1151 1598 Nam
1171 1537 1249 1599 Car-

185 1651 212 1690 rs
228 1634 331 1698 nutes,
361 1623 412 1704 qui
434 1643 524 1704 saepe
546 1623 649 1685 vexati
671 1643 835 1705 numquam
857 1624 940 1704 pacis
961 1625 1096 1686 fecerant
1117 1622 1250 1685 mentio-

227 1731 312 1785 nem,
346 1710 426 1771 datis
449 1710 605 1772 obsidibus
632 1711 758 1787 veniunt
784 1711 815 1772 in
844 1710 1041 1784 deditionem,
1071 1718 1250 1789 ceteraeque

228 1797 367 1859 civitates
393 1797 512 1875 positae
539 1796 571 1857 in
593 1797 706 1859 ultimis
729 1795 849 1858 Galliae
871 1797 997 1869 finibus,
1027 1795 1151 1858 Oceano
1173 1815 1249 1858 cou-

227 1883 362 1957 iunetae,
387 1901 463 1963 quae
484 1882 662 1965 Armoricae
684 1882 884 1963 appellantur,
909 1883 1089 1945 anctoritate
1101 1883 1250 1945 adductae

228 1969 395 2031 Carnutum
417 1970 552 2030 adventu
572 1969 661 2031 Fabii
683 1969 891 2050 legionumque
913 1969 1062 2050 imperata
1083 1969 1149 2031 sine
1163 1987 1251 2031 mora

184 2081 214 2118 ao
227 2055 349 2116 iaciunt.
393 2054 568 2117 Dumnacus
591 2055 655 2117 suis
677 2055 788 2117 finibus
810 2056 953 2136 expulsus
976 2075 1081 2117 errans
1103 2055 1250 2117 latitans-

228 2160 286 2220 que
309 2140 390 2202 solus
414 2148 565 2203 extremas
588 2140 708 2203 Galliae
729 2142 866 2222 regiones
888 2152 990 2222 petere
1013 2151 1062 2203 est
1083 2151 1217 2204 coactus.

185 2232 220 2283 32
291 2227 338 2289 At
359 2226 505 2307 Drappes
520 2246 640 2307 unaque
661 2227 819 2290 Lucterius
842 2247 908 2289 cum
923 2229 1055 2309 legiones
1070 2227 1249 2290 Caninium·

228 2332 285 2393 qne
307 2314 414 2374 adesse
441 2323 653 2394 cognoscerent
673 2333 728 2375 nec
750 2334 782 2376 se
805 2314 869 2376 sine
891 2325 975 2377 certa
995 2314 1123 2395 pernicie
1144 2333 1251 2395 perse-

229 2408 339 2480 quente
362 2398 493 2460 exercitu
514 2409 657 2479 putarent
679 2400 848 2479 provinciae
870 2401 946 2463 fines
962 2401 1076 2463 intrare
1090 2420 1182 2481 posse
1196 2418 1253 2463 nec

184 2511 213 2549 aa
228 2485 290 2547 iam
317 2485 410 2546 libere
436 2485 568 2565 vagandi
590 2485 872 2567 latrociniorumque
893 2488 1097 2549 faciendorum
1117 2486 1250 2549 faculta-

228 2581 291 2633 tem
312 2572 474 2644 haberent‚
496 2571 528 2633 in
551 2571 660 2633 finibus
682 2573 852 2634 consistunt
871 2573 1086 2641 Cadurcomm.
1118 2574 1168 2635 Ibi
1182 2592 1250 2635 cum

228 2657 388 2720 Lucterius
411 2659 492 2737 apud
514 2677 585 2719 suos
607 2658 688 2720 cives
712 2661 863 2740 quondam
876 2660 1002 2741 integris
1017 2661 1106 2722 rebus
1122 2660 1252 2722 multum

227 2744 377 2825 potuisset
404 2763 578 2825 semperque
601 2755 704 2807 auctor
726 2765 872 2808 uovorum
894 2747 1086 2809 consiliomm
1109 2765 1251 2826 magnam

229 2832 310 2911 apud
337 2830 482 2892 barbaros
510 2832 721 2893 auctoritatem
748 2833 888 2906 haberet,
917 2834 1059 2913 oppidum
1080 2832 1251 2895 Uxellodu-

185 2944 214 2982 ao
228 2936 316 2989 num,
351 2918 430 2997 quod
461 2917 493 2978 in
520 2917 660 2979 clientela
686 2919 787 2980 luerat
809 2919 888 2994 eius,
923 2919 1037 3000 egregie
1059 2927 1172 2981 natura
1193 2918 1253 2981 loci

228 3003 391 3075 munitum,
426 3013 551 3084 occupat
578 3004 642 3066 suis
671 3013 701 3065 et
722 3005 886 3088 Drappetis
908 3006 1001 3087 copiis
1024 3005 1253 3086 oppidanosque

229 3089 288 3152 sibi
310 3089 470 3170 coniungit

184 3181 220 3234 33
293 3171 362 3244 Quo
392 3195 458 3237 cum
486 3175 641 3237 confestim
664 3174 761 3239 Gaius
784 3177 929 3241 Caninius
950 3178 1087 3240 venisset
1108 3176 1252 3239 minuc-

227 3269 419 3340 verteretque
457 3281 559 3323 omnes
599 3263 702 3342 oppidi
738 3274 842 3344 partes
875 3263 1133 3345 praeruptissimis
1166 3263 1255 3325 saxis

184 3374 213 3413 rr
229 3367 297 3410 esse
320 3348 467 3421 munitas,
491 3368 550 3427 quo
574 3349 751 3411 defendente
772 3351 854 3413 nullo
877 3361 980 3412 tamen
1002 3350 1127 3412 armatis
1141 3368 1254 3413 moen*

229 3436 298 3496 dere
321 3442 404 3495 esset
425 3434 558 3507 difficile,
587 3454 698 3516 magna
719 3445 821 3498 autem
843 3436 1058 3517 impedimenta
1079 3435 1255 3516 oppidanoa

229 3540 295 3582 rum
327 3520 461 3596 videret,
496 3540 572 3601 quae
607 3521 633 3582 si
667 3522 857 3584 clandestina
888 3525 959 3605 iuga
990 3523 1168 3585 subtrahere
1197 3541 1251 3585 co-

228 3617 382 3679 narentur,
417 3606 543 3687 effugere
566 3627 626 3669 non
649 3610 736 3671 modo
759 3609 940 3690 equitatum,
974 3611 1029 3672 sed
1056 3629 1094 3671 ne
1116 3609 1255 3690 legiones

228 3692 346 3772 quidem
379 3702 520 3773 possent,
555 3693 704 3773 tripertito
737 3695 909 3758 cohortibus
943 3695 1048 3758 divisis
1076 3696 1158 3758 trina
1190 3695 1253 3759 ool·

185 3804 213 3841 ro
229 3779 348 3840 sissimo
382 3779 448 3842 loco
480 3788 582 3842 castra
607 3780 692 3855 fecit,
727 3800 746 3842 a
778 3782 885 3862 quibus
907 3783 1070 3863 paulatim,
1104 3791 1254 3863 quantum

228 3865 331 3963 copiae
353 3866 559 3945 patiebantur,
581 3865 696 3928 vallum
718 3866 749 3929 iu
771 3868 873 3950 oppidi
895 3869 1049 3932 circuitum
1071 3869 1181 3931 ducere
1202 3868 1261 3931 in*-

228 3958 337 4012 strturtt
