2616 4492
133 277 181 349 31
482 297 600 356 orror
622 296 824 351 66666661.

133 434 203 497 1666
225 434 316 498 166116
340 435 484 500 omissum
507 446 555 502 661
577 438 608 502 in
630 440 698 515 PR,
726 441 781 502 sed
812 439 840 500 si
862 454 971 499 nomen
990 435 1095 516 'ipsum
1118 434 1160 496 ab

133 530 262 585 anctore
285 522 432 603 scriptum
455 533 547 600 66661,
571 524 601 588 in
625 527 707 589 nullo
730 543 873 606 nmquam
892 523 999 585 codice
1022 521 1164 583 additum

136 616 220 672 esset
241 620 433 690 pronomen*
461 611 541 674 Huic
565 613 759 676 econtrario
782 631 820 675 ex
842 609 946 673 verbis
973 608 1163 689 praecedeu-

135 696 218 758 tibus
247 696 375 777 petitum
404 717 513 761 nomen
542 707 608 761 tum
638 700 750 763 omisso
774 697 919 772 substitui
938 704 1005 758 turn
1028 696 1166 764 monenti

136 782 310 863 explicandi
336 804 433 847 66666
462 804 529 848 cunr
558 788 666 849 notula
694 788 750 849 1116
770 785 884 866 insigni
906 783 1030 864 adiungi
1052 782 1165 864 potnit.

131 867 227 942 Quod
247 891 309 933 non
333 873 398 934 siue
416 873 639 952 depravatione
661 877 778 938 lactum
800 880 864 936 est:
891 871 974 936 16166
1004 870 1086 933 enim
1108 888 1164 932 no-

132 956 226 1020 minis
251 966 298 1020 est
319 959 623 1040 161166961166166.

198 1044 354 1107 Interdum
377 1046 426 1107 vel
448 1046 569 1126 plenius
592 1045 710 1128 scripta
731 1047 787 1110 1116
809 1045 915 1109 notula
940 1052 989 1106 est
1010 1043 1059 1106 vel
1084 1043 1165 1105 aliae

132 1131 285 1212 vquaedam
310 1132 476 1195 adhibitae.
524 1134 574 1209 18,
597 1132 618 1196 9
642 1133 884 1198 aldueadubc'e
905 1132 937 1194 in
960 1131 1102 1193 omnibus
1119 1140 1166 1193 est

133 1218 203 1280 cdd.
229 1218 300 1293 157,
323 1217 364 1282 26
387 1221 415 1282 16
438 1220 550 1294 codex,
579 1220 664 1283 cuius
687 1222 732 1284 ed.
757 1222 787 1282 3.
818 1217 961 1299 exprimit
984 1218 1164 1298 imaginem,

135 1304 244 1368 habuit
272 1327 403 1369 caueam
429 1304 688 1371 6166161161661.
718 1306 752 1382 6,
772 1308 793 1370 6
815 1313 923 1388 portes
945 1311 1103 1387 61116966
1127 1305 1164 1378 T,

137 1388 168 1466 5,
183 1392 225 1454 42
245 1399 371 1476 purtem
394 1391 433 1456 61,
458 1393 542 1456 citra
564 1395 610 1457 66.
626 1396 656 1458 3.
681 1390 752 1476 (ubi
775 1392 829 1455 alii
844 1393 932 1455 61166
947 1391 1165 1475 scripserant).

137 1479 229 1540 Haud
262 1480 325 1541 scio
360 1500 399 1541 an
428 1480 479 1554 18,
501 1481 543 1543 37
572 1501 612 1543 ur
638 1481 737 1563 quisq.
767 1478 889 1562 proprie
918 1478 961 1539 sit
988 1477 1165 1560 6166166,

138 1566 218 1645 quod
241 1566 279 1627 66
303 1567 385 1648 quiq.
409 1568 581 1646 adpositum
604 1568 699 1629 luisse
722 1565 872 1647 suspicari
893 1563 974 1626 11661.
1003 1562 1166 1626 Nonnum-

73 1682 75 1688 ·
138 1670 227 1732 quam
255 1672 288 1714 ee
315 1653 403 1715 6161
429 1653 473 1715 ibi
500 1654 702 1728 inveniuntur,
732 1654 785 1715 ubi
812 1672 867 1734 pro
890 1671 932 1714 sc.
956 1651 976 1713 1.
1000 1669 1025 1711 e.
1049 1648 1168 1713 66111661

138 1738 254 1818 scripta
283 1757 350 1800 6666
380 1747 517 1820 possunt.
550 1740 622 1814 167,
643 1741 664 1801 4
686 1760 719 1802 66
740 1738 850 1802 uellus
870 1757 923 1801 166
943 1736 985 1810 A,
1016 1754 1075 1816 quo
1099 1736 1167 1798 loco

138 1844 229 1906 super
250 1823 359 1889 661166
380 1828 511 1889 forsitan
534 1827 699 1907 repetitum
721 1827 954 1890 1661116616.
980 1822 1053 1898 166,
1070 1823 1112 1884 36
1137 1824 1169 1885 61

133 1909 260 1994 proelio
287 1913 424 1976 6666666
453 1913 521 1988 ΡΒ,
552 1934 629 1995 quae
660 1914 756 1976 verba
777 1920 902 1995 praesto
933 1918 1021 1972 erant
1049 1910 1169 1973 censori

98 2035 99 2038 =
140 1997 194 2082 (61.
217 2019 246 2080 p.
261 1998 320 2083 27)
345 2009 436 2080 atque
458 2001 497 2062 ob
521 2020 588 2063 eam
612 2020 735 2064 causam
759 2001 881 2062 adiecta
904 2006 974 2061 sunt
996 1995 1057 2080 (66.
1067 2017 1168 2079 proe-

140 2083 372 2170 desecando),
404 2095 439 2149 ut
467 2088 504 2149 de
527 2088 627 2164 altera
650 2108 768 2169 pugnae
791 2086 856 2148 vice
878 2087 965 2147 lieret
988 2083 1168 2146 admonitio.

139 2169 192 2233 Ad
212 2172 347 2234 insoleus
369 2173 446 2239 illud
458 2177 586 2255 fratrea
608 2178 660 2250 22,
677 2174 718 2236 27
742 2172 954 2254 explicandum
979 2190 1022 2233 ec.
1046 2171 1169 2234 6661666

141 2258 315 2338 adpositum
344 2278 411 2321 6666
438 2259 569 2335 videtur,
600 2281 669 2322 narn
699 2270 804 2324 exstat
830 2279 863 2322 66
884 2257 1007 2321 euticeo
1028 2275 1065 2318 ac
1089 2277 1167 2319 noro

141 2346 349 2408 additamento
378 2367 400 2408 6
428 2366 461 2408 66
483 2349 610 2410 arnicas.
654 2346 897 2419 Festivioribus‚
926 2352 961 2406 ut
981 2345 1029 2405 116
1051 2343 1167 2418 dicam,

140 2432 244 2494 verbis
272 2430 400 2494 7116166
422 2441 466 2494 est
487 2433 518 2507 6,
535 2435 574 2494 23
598 2434 628 2495 11
651 2433 686 2493 M
709 2441 917 2514 argumentum
939 2431 1095 2493 inseritur.

205 2520 235 2579 4.
272 2518 448 2579 Particulae
476 2520 623 2599 quaedam
651 2539 705 2599 per
737 2539 871 2583 errorem
898 2517 930 2579 in
953 2518 1093 2579 omnibus
1116 2524 1170 2578 aut

143 2604 267 2685 optimis
291 2605 357 2667 cdd.
382 2604 505 2667 additae
524 2614 610 2680 sunt,
634 2615 667 2666 ut
685 2605 755 2681 168,
771 2607 813 2669 42
828 2604 962 2668 credidit
975 2604 1169 2686 1166166661-

143 2691 272 2755 territos
294 2711 373 2754 666
395 2711 465 2754 eum
488 2691 592 2756 lecum
607 2739 638 2755 ..
660 2693 816 2776 petituros
841 2689 997 2775 (nimirum
1019 2690 1169 2771 perterri-

143 2789 193 2842 tos
222 2778 297 2840 nihil
324 2779 494 2859 suscipere,
525 2779 623 2841 locum
652 2800 711 2842 non
733 2789 839 2860 petere
859 2776 1017 2859 putaverit
1037 2776 1170 2840 forsitan

144 2865 322 2950 quispiam),
345 2864 398 2939 98,
414 2868 433 2929 2
456 2866 609 2929 6666161
633 2864 728 2949 (quod
752 2867 849 2948 magis
871 2883 962 2945 quarn
976 2863 1065 2926 6161.
1082 2910 1089 2926 .
1104 2884 1170 2926 uon

144 2953 295 3034 placuerit
316 2952 557 3035 interpolatori),
583 2951 713 3028 10817
734 2974 812 3016 noa
833 2948 1171 3101 66663166666111661

144 3059 237 3120 saepe
266 3041 427 3102 coniuncta
453 3041 620 3121 leguntur),
650 3040 702 3114 33,
724 3038 766 3102 39
792 3059 859 3102 uoce
887 3057 938 3102 mo
963 3057 981 3099 o
1009 3058 1088 3100 666
1114 3037 1170 3099 16-

145 3127 247 3201 11611,
270 3126 325 3189 aed
345 3146 385 3189 66
401 3126 544 3209 perspici
565 3127 689 3208 quidem
708 3133 823 3208 posset.
867 3123 914 3187 Ut
935 3124 1020 3186 nulla
1042 3123 1169 3186 dubita-

145 3215 228 3276 tione
252 3213 394 3275 adiicitur
416 3234 499 3288 666,
530 3213 574 3274 616
596 3212 627 3275 16
648 3213 756 3275 1611616
778 3214 836 3275 hoo
858 3211 924 3272 loco
949 3210 1089 3293 religioni
1110 3211 1172 3273 mi·

146 3301 226 3364 nime
256 3301 394 3375 ducatur,
423 3299 662 3381 quandoquidem
686 3300 717 3361 in
739 3298 909 3380 posteriore
932 3297 1090 3361 enuntiato
1114 3317 1171 3359 ne·

147 3388 250 3470 gativo
279 3386 405 3450 verbum
437 3396 499 3462 661,
530 3388 609 3470 quod
637 3385 729 3448 etiam
759 3386 799 3449 66
820 3385 905 3466 prius
927 3385 1092 3464 pertineat.
1134 3384 1172 3446 In

147 3475 249 3539 verbis
272 3475 335 3537 illis
360 3476 431 3550 142,
447 3474 487 3536 85
510 3495 588 3537 666
610 3471 702 3556 louge
722 3471 810 3537 mille
826 3472 979 3554 puaeibue
994 3470 1173 3535 61666116

147 3561 382 3626 munitionibus
405 3560 704 3640 6666166616ρί661
726 3581 793 3623 666
815 3559 951 3622 additum
975 3578 1062 3634 esse,
1084 3566 1119 3620 ut
1133 3557 1174 3620 ad

149 3648 378 3712 similitudinem
401 3647 562 3711 verborum
584 3668 651 3711 666
665 3645 793 3730 loupiac
806 3643 894 3710 mille
902 3645 1071 3728 passibus,
1096 3663 1174 3725 quae

149 3736 268 3818 quidem
291 3735 497 3798 usitatissima
519 3741 605 3810 sunt,
634 3733 799 3816 quinetiam
822 3731 1022 3796 1166166616
1045 3730 1104 3794 TU
1127 3730 1174 3792 le-

150 3830 270 3903 guntur,
294 3823 453 3885 accederet
474 3821 583 3889 oratio..
625 3820 745 3883 Deinde
768 3820 995 3882 coniunctiones
1018 3817 1172 3898 copulati-

149 3927 207 3971 ras
230 3918 262 3971 et
284 3908 483 3973 disiunctiras
505 3909 637 3971 insertas
659 3907 833 3988 reperimus.
857 3905 911 3981 89,
927 3906 967 3967 33
983 3906 1129 3987 puberee'
1142 3909 1176 3966 61

151 3995 287 4071 minati,
321 3995 463 4063 uimimm
491 4003 527 4059 ut
552 4002 781 4063 connecteretur
810 4011 881 4057 cum.
904 3991 1058 4059 adiectivo
1092 3988 1178 4073 quod
