2616 4492
213 264 253 326 14
536 278 584 324 nn
606 277 725 326 nanno
748 277 903 327 eannrco

212 415 291 481 saris
312 413 469 478 voluntate
489 415 588 477 lacere
613 415 730 478 liceret:
764 434 831 478 sese
856 414 969 478 habere
990 414 1139 495 quaedam
1161 433 1232 492 res,

212 523 288 586 quas
315 521 354 564 ex
379 501 527 564 communi
549 521 695 564 consensu
717 502 757 564 ab
779 521 814 564 eo
836 510 939 581 petere
959 501 1081 563 vellent.
1124 501 1173 564 Ea
1194 520 1230 564 re

211 588 359 670 permissa
392 587 470 649 diem
499 587 621 649 concilio
649 588 867 650 constituerunt
896 595 927 649 et
953 587 1160 660 iureiurando,
1190 607 1230 649 ne

183 676 279 756 equis
303 673 488 748 enuntiaret,
522 674 580 736 nisi
604 674 709 754 quibus
732 673 880 736 communi
902 673 1024 735 consilio
1051 676 1231 736 mandatum

168 764 201 816 31
212 769 308 836 esset,
331 761 411 822 inter
432 779 464 821 se
486 768 659 822 sanxerunt.
684 759 738 822 ,Eo
761 760 883 822 concilio
899 760 1021 822 dimisso
1036 761 1126 822 iidem
1140 760 1230 840 prin-

211 848 292 928 cipes
308 847 476 918 civitatum,
500 846 550 926 qui
565 855 635 908 ante
649 848 784 922 luerant,
809 848 847 908 ad
863 846 1023 908 Caesarem
1038 855 1232 908 reverterunt

210 934 436 1015 petieruntque,
470 933 514 992 uti
547 933 605 995 sibi
632 943 745 995 secreto
774 934 810 995 de
839 952 896 994 sua
918 932 1106 1014 omniumque
1130 932 1232 994 salute

211 1039 278 1082 eum
305 1039 340 1080 eo
366 1038 454 1098 agere
475 1018 585 1080 liceret.
628 1019 676 1080 Ea
697 1039 729 1081 re
750 1019 912 1099 impetrata
934 1038 1001 1080 sese
1024 1037 1127 1080 omnes
1150 1019 1231 1081 flen-

205 1114 261 1168 'tes
284 1104 409 1166 Caesari
433 1105 472 1165 ad
493 1106 585 1184 pedes
607 1106 809 1185 proiecerunt:
832 1104 903 1166 Non
925 1105 1023 1166 minus
1046 1125 1079 1166 se
1101 1105 1132 1166 id
1154 1123 1231 1167 con-

169 1193 336 1255 intendere
359 1199 390 1252 et
410 1189 564 1264 laborare,
587 1210 625 1252 ne
640 1211 691 1267 ea,
715 1211 790 1273 quae
805 1191 966 1264 dixissent,
990 1190 1230 1268 enuntiarentur,

213 1297 302 1358 quam
325 1275 369 1338 uti
391 1296 442 1352 ea,
466 1296 542 1358 quae
564 1277 693 1353 vellent,
716 1279 927 1358 impetrarent,
950 1286 1110 1358 propterea
1133 1278 1231 1358 quod,

214 1364 242 1426 si
270 1363 456 1425 enuntiatum
490 1371 586 1437 esset,
621 1383 769 1426 summum
790 1363 823 1425 in
845 1363 1007 1425 cruciatum
1030 1383 1063 1425 se
1084 1372 1231 1426 venturos

211 1450 358 1512 viderent
401 1448 535 1511 Locutus
563 1457 610 1511 est
635 1469 690 1530 pro
712 1450 760 1511 his
782 1449 949 1511 Divitiacus
971 1448 1114 1511 Aeduus:
1149 1448 1231 1512 Gal-

211 1534 272 1599 liae
293 1536 388 1598 totius
410 1536 555 1597 factiones
571 1555 637 1597 esse
652 1537 742 1597 duas:
766 1536 872 1598 harum
888 1536 1012 1597 alterius
1027 1536 1231 1617 principatum

169 1645 197 1685 ra
212 1632 314 1685 tenere
335 1621 476 1697 Aeduos,
503 1621 627 1684 alterius
649 1620 814 1684 Arvernos.
858 1620 900 1683 Hi
923 1640 989 1683 cum
1011 1631 1171 1702 tantopere
1194 1623 1232 1684 de

211 1718 372 1791 potentatu
393 1708 472 1770 inter
486 1728 519 1769 se
534 1709 645 1770 multos
660 1727 756 1771 annos
772 1709 1000 1783 contenderent,
1021 1710 1135 1770 iactum
1151 1727 1230 1785 esse,

211 1795 257 1858 uti
283 1796 323 1857 ab
350 1793 500 1856 Arvernis
528 1793 737 1875 Sequanisque
765 1793 911 1857 Germani
933 1796 1067 1856 mercede
1089 1812 1231 1859 arcesse-

212 1891 325 1945 rentur.
367 1880 483 1943 Hornm
505 1881 601 1960 primo
630 1881 745 1943 circiter
771 1881 855 1943 milia
880 1895 933 1942 xv
958 1879 1098 1942 Rhenum
1125 1889 1232 1943 trans-

212 1967 288 2030 isse:
323 1977 520 2047 posteaquam
553 1986 642 2047 agros
670 1976 702 2029 et
728 1968 840 2029 cultum
873 1976 904 2029 et
936 1967 1037 2048 copias
1071 1966 1231 2029 Gallorum

169 2076 200 2117 no
213 2053 348 2116 homines
380 2053 436 2114 ieri
467 2070 504 2114 ac
534 2051 657 2115 barbari
690 2055 900 2128 adamassent,
934 2054 1089 2115 traductos
1111 2053 1230 2134 plures:

212 2158 292 2200 nunc
313 2156 380 2200 esse
400 2139 432 2199 in
454 2138 556 2201 Gallia
577 2140 617 2201 ad
639 2152 659 2202 c
683 2149 714 2201 et
734 2154 789 2200 xx
810 2139 924 2201 milium
946 2158 1109 2202 numerum.
1153 2138 1231 2201 Cum

212 2225 260 2287 his
287 2223 412 2286 Aeduos
441 2244 599 2305 eorumque
627 2225 751 2287 clientes
778 2226 871 2287 semel
894 2235 984 2306 atque
1005 2226 1114 2287 iterum
1136 2226 1231 2288 armis

213 2311 420 2385 contendisse3
443 2329 581 2392 magnam
599 2312 801 2373 calamitatem
812 2311 917 2392 pulsos
929 2311 1089 2392 accepisse,
1113 2331 1232 2374 omnem

212 2397 419 2472 nobilitatem,
443 2417 560 2459 omnem
580 2407 730 2474 senatum,
754 2417 873 2460 omnem
893 2398 1059 2479 equitatum
1081 2397 1230 2460 amisisse.

169 2507 198 2547 aa
213 2481 332 2554 Quibus
353 2483 476 2564 proeliis
503 2483 784 2564 calamitatibusque
806 2485 933 2560 fractos,
957 2484 1008 2565 qui
1035 2493 1066 2546 et
1088 2502 1145 2546 sua
1166 2483 1231 2545 vir-

212 2579 280 2632 tute
308 2578 339 2632 et
364 2571 468 2650 populi
494 2569 626 2632 Romani
647 2570 779 2651 hospitio
802 2578 893 2651 atque
915 2570 1046 2632 amicitia
1067 2569 1231 2650 plurimum

214 2666 286 2720 ante
312 2656 344 2718 in
366 2655 469 2719 Galba
488 2657 674 2737 potuissent,
703 2666 823 2719 coactos
846 2676 912 2718 esse
936 2655 1085 2737 Sequanis
1108 2655 1231 2718 obsides

214 2744 287 2805 dare
319 2742 523 2804 nobilissimos
556 2742 687 2804 civitatis
721 2752 752 2804 et
777 2743 969 2805 iureiurando
997 2743 1149 2804 civitatem
1173 2743 1231 2804 ob-

213 2829 374 2909 stringere,
408 2847 476 2891 sese
503 2848 599 2909 neque
622 2829 741 2891 obsides
763 2829 944 2909 repetituros
966 2847 1062 2910 neque
1085 2827 1231 2890 auxilium

169 2934 232 2979 eoa
257 2916 368 2995 populo
400 2914 537 2976 Romano
564 2914 777 2995 imploraturos
804 2934 901 2997 neque
926 2925 1136 2989 recusaturos,
1171 2933 1232 2995 quo

213 3001 311 3064 minus
333 3010 478 3081 perpetuo
501 3001 558 3062 sub
580 3001 697 3063 illorum
720 3002 834 3065 dicione
857 3010 947 3083 atque
968 3000 1094 3082 imperio
1117 3009 1231 3062 essent.

211 3087 313 3150 Unum
346 3107 379 3149 se
413 3106 480 3149 esse
507 3106 545 3148 ex
570 3088 651 3149 omni
673 3087 795 3151 civitate
817 3087 1007 3163 Aeduorum,
1042 3087 1093 3168 qui
1120 3087 1232 3150 adduci

211 3193 273 3236 non
302 3174 449 3254 potuerit,
484 3182 519 3235 ut
544 3174 658 3236 iuraret
684 3184 738 3236 aut
759 3175 871 3237 liberos
893 3194 965 3236 suos
988 3173 1108 3235 obsides
1132 3175 1231 3236 daret.

213 3259 261 3322 Ob
288 3280 354 3322 earn
376 3280 440 3322 rem
462 3279 494 3322 se
517 3280 554 3322 ex
576 3261 699 3322 civitate
720 3261 888 3342 profugisse
912 3270 943 3321 et
964 3259 1093 3322 Romam
1116 3261 1156 3322 ad
1178 3278 1232 3323 se-

168 3372 197 3410 ra
212 3356 316 3408 natum
330 3347 451 3408 venisse
466 3347 610 3409 auxilium
624 3348 821 3427 postulatum,
843 3348 921 3428 qnod
936 3346 1018 3408 solus
1034 3365 1131 3426 neque
1144 3346 1230 3408 iure-

211 3433 335 3495 iurando
365 3453 461 3513 neque
489 3433 644 3495 obsidibus
667 3442 826 3495 teneretur.
871 3432 932 3496 Sed
953 3432 1039 3514 peius
1060 3432 1229 3494 victoribus

213 3517 363 3600 Sequanis
397 3539 487 3601 quam
519 3518 635 3581 Aeduis
668 3519 756 3582 victis
784 3519 937 3595 accidisse,
966 3525 1128 3600 propterea
1150 3519 1231 3599 quod

211 3603 401 3681 Ariovistus,
424 3625 478 3668 rex
500 3604 734 3679 Germanomm,
762 3605 795 3667 in
817 3626 919 3669 eorum
940 3605 1051 3668 finibus
1073 3605 1232 3668 consedis-

213 3700 261 3751 set
292 3691 471 3772 tertiamque
503 3700 622 3772 partem
644 3693 708 3773 agri
731 3690 880 3772 Sequani,
915 3692 967 3774 qui
994 3701 1075 3754 esset
1097 3691 1232 3772 optimus

169 3802 198 3840 ro
212 3777 305 3838 totius
328 3775 460 3852 Galliae,
485 3778 693 3858 occupavisset
714 3787 744 3840 et
765 3799 844 3841 nunc
865 3781 902 3842 de
923 3779 1022 3840 altera
1035 3786 1121 3858 parte
1140 3777 1235 3840 tertia

213 3860 370 3943 Sequanos
393 3864 534 3926 decedere
555 3864 690 3938 iuberet,
712 3875 874 3946 propterea
896 3866 976 3947 quod
997 3864 1101 3946 paucis
1117 3863 1233 3927 mensi-

212 3949 287 4012 bus'
303 3956 373 4011 ante
405 3950 565 4014 Harudum
597 3951 683 4014 milia
708 3952 862 4016 hominum
889 3966 999 4015 xx1111
1022 3953 1062 4016 ad
1084 3965 1152 4014 eum
1172 3969 1232 4014 ve-
