2616 4492
1141 272 1208 323 xm

181 421 228 490 qui
256 423 339 493 Regis
368 422 481 476 Sueciac
510 428 537 473 ct
563 416 718 492 Norvegiae
748 439 779 473 eo
808 427 930 490 tempore
959 422 1070 476 Parisiis
1100 425 1207 495 legatus

180 514 253 570 erat,
277 527 348 561 nunc
377 508 404 560 in
432 510 512 560 rebus
542 508 659 560 externis
682 507 808 578 gerendis
832 514 873 560 est
894 507 1060 572 administer,
1082 516 1114 561 ut
1136 511 1207 580 opti-

180 611 285 647 marum
319 595 472 646 litterarum
505 599 636 662 patronus
670 599 711 645 est
739 599 766 646 et
794 594 982 655 classicorum,
1011 613 1082 664 quae
1113 596 1206 649 dicun·

179 687 233 742 tur,
268 681 424 751 linguarum
452 682 546 732 doctus
575 685 659 749 atque
687 679 848 750 intellegens
871 680 1048 743 existimator,
1081 683 1117 734 ad
1145 699 1207 736 mea

178 767 271 819 studia
294 766 389 836 quovis
412 767 491 818 modo
514 766 633 818 iuvanda
655 766 870 833 promptissimus
898 766 957 818 fuit
1007 768 1146 820 Postremo
1168 771 1204 821 ad

177 853 330 918 Hollandos
353 870 396 905 me
419 851 527 904 contuli.
571 852 613 904 Ibi
635 857 667 903 ut
688 869 778 904 meum
801 852 941 922 negotium
965 853 1121 907 brevissimo
1137 859 1204 908 tem·

177 956 244 1006 pore
272 939 365 991 confici
398 943 504 1006 posset,
539 937 626 989 effecit
660 938 740 990 amici
767 938 867 990 eximia
894 938 1049 991 hnmanitas
1078 957 1110 993 ac
1137 939 1203 992 libe·

176 1024 279 1077 ralitas.
329 1024 490 1077 Guilielmus
525 1023 653 1076 Nicolaus
687 1024 724 1076 du
758 1023 842 1086 Rieu,
881 1023 1071 1093 philosophiae
1110 1027 1204 1079 doctor

175 1109 330 1171 Leidensis,
364 1110 411 1180 qui
445 1125 501 1162 una
533 1127 638 1162 mecum
667 1109 777 1163 Parisiis
805 1110 899 1162 iisdem
930 1111 1082 1164 litterarum
1106 1112 1202 1166 studiis

176 1213 287 1266 operam
320 1196 409 1258 dedit,
443 1213 503 1248 cum
532 1198 567 1248 de
596 1195 703 1263 incepto
735 1213 795 1248 meo
826 1196 949 1248 audisset
975 1202 1059 1267 atque
1089 1197 1148 1266 ipse
1174 1205 1203 1251 et

174 1282 338 1335 Vossianum
360 1281 478 1334 codicem
500 1287 529 1333 et
550 1282 828 1335 Amstelodamensem
844 1283 1014 1344 contulisset,
1037 1285 1114 1336 nullo
1130 1301 1202 1336 emo·

174 1369 295 1421 lumento
329 1367 456 1421 incitatus
490 1384 553 1420 suas
586 1367 652 1420 mihi
685 1367 842 1421 collationes
870 1368 957 1420 libere
980 1371 1095 1421 utendas
1119 1370 1201 1424 dedit

174 1455 206 1507 In
233 1455 331 1523 quibus
354 1472 415 1506 cum
437 1470 530 1506 curam
553 1471 607 1505 non
629 1453 788 1506 mediocrem
816 1454 1000 1516 adhibuisset,
1033 1454 1115 1523 pauci
1140 1459 1201 1508 tan-

173 1546 232 1592 tum
253 1541 365 1592 fuerunt
382 1539 433 1591 loci
456 1556 473 1591 a
495 1557 538 1591 me
559 1540 740 1600 retractandi,
769 1557 836 1608 quos
859 1540 927 1592 alios
949 1540 1054 1593 codices
1080 1542 1200 1594 lustrans

172 1625 294 1694 inprimis
318 1626 345 1677 in
367 1625 614 1679 Amstelodamensi
636 1630 746 1692 praeter
767 1631 870 1678 ceteros
892 1625 1017 1678 visendos
1040 1643 1099 1678 esse
1114 1626 1199 1678 anim·

173 1713 353 1764 adverteram.
398 1712 429 1762 ld
458 1709 540 1762 etiam
568 1709 674 1762 facilius
697 1727 728 1761 eo
751 1709 852 1762 factum
876 1715 918 1762 est
939 1712 1011 1777 quod
1033 1710 1197 1764 clarissimus

173 1797 214 1850 vir
241 1795 392 1849 senatorius
420 1796 454 1846 H.
475 1796 498 1847 J.
520 1796 651 1856 Koenen,
684 1795 727 1846 cui
749 1812 855 1848 summa
876 1794 1004 1864 publicae
1025 1798 1198 1850 Amsteloda·

171 1882 305 1935 mensium
328 1881 509 1934 bibliothecae
532 1897 597 1933 cura
619 1882 784 1933 demandata
806 1887 859 1942 est,
883 1881 1032 1949 pretiosum
1054 1882 1132 1935 illum
1155 1900 1198 1936 co·

172 1969 258 2021 dicem
270 1968 337 2020 mihi
355 1967 383 2019 in
395 1966 548 2018 deversorio
561 1985 595 2020 ex
606 1968 745 2019 commodo
757 1969 936 2036 spectandum
948 1967 1064 2020 officiose
1075 1968 1197 2023 tradidit.

235 2056 384 2123 Postquam
407 2055 516 2106 domum
538 2053 638 2106 reverti
660 2053 688 2105 in
711 2052 930 2123 excerptionibus
953 2053 1108 2123 digerendis
1131 2071 1197 2126 quo·

170 2138 240 2192 tiens
263 2146 325 2202 aut,
348 2156 412 2191 num
434 2139 499 2206 quid
522 2139 607 2192 oculis
629 2140 850 2207 praetermissum
865 2145 948 2200 esset,
972 2138 1087 2195 dubiem
1108 2140 1197 2196 risun

171 2229 213 2276 est
235 2231 284 2278 aut
305 2226 333 2278 in
355 2225 491 2278 codicibus
514 2243 568 2277 non
589 2226 671 2293 plene
696 2225 802 2278 collatis
824 2227 916 2294 plures
940 2225 1013 2279 locos
1034 2240 1197 2298 eognuemo

171 2327 240 2379 opus
262 2312 327 2375 fuit,
349 2311 511 2365 Durieuium
534 2328 624 2364 meum
646 2316 674 2363 et
695 2311 804 2364 Parisiis
822 2316 977 2364 versantem
999 2316 1028 2364 et
1047 2311 1153 2367 Minae
1168 2319 1196 2366 et

170 2398 300 2467 Lugduni
327 2400 494 2451 Batavorum
518 2398 545 2449 in
568 2397 659 2466 patria
681 2399 750 2450 urbe
771 2397 869 2451 itemm
892 2396 1045 2468 iterumque
1067 2415 1117 2466 per
1139 2398 1195 2468 epi·

172 2484 255 2536 stolas
285 2484 354 2545 adii,
388 2500 536 2551 numquam
564 2485 728 2536 abnuentem
755 2482 853 2536 inveni
896 2485 1036 2546 Quomodo
1063 2488 1096 2535 nt
1118 2485 1196 2536 decet

171 2568 234 2621 talis
267 2569 317 2623 riri
349 2571 446 2622 laudes
480 2574 508 2622 et
540 2587 607 2639 erga
639 2587 683 2622 me
710 2569 807 2622 merita
833 2569 1010 2638 praedicare?
1052 2568 1116 2623 Pari
1137 2569 1194 2622 fere

168 2657 249 2707 modo
272 2656 410 2727 egregiam
433 2671 544 2723 operam
566 2656 637 2708 alius
663 2653 728 2708 mihi
751 2656 827 2708 dedit
846 2655 948 2708 amicus
963 2656 983 2708 Ι.
998 2655 1031 2707 Ν.
1047 2655 1078 2708 G.
1093 2655 1193 2709 Forob-

168 2741 298 2802 bammer,
320 2741 510 2810 philosophiae
532 2743 626 2794 doctor
647 2740 824 2803 Hauniensis,
847 2742 894 2812 qui
916 2747 945 2793 et
965 2756 1029 2794 suas
1052 2742 1088 2793 ad
1108 2740 1192 2794 libros

169 2827 203 2877 de
237 2828 310 2880 bello
338 2826 410 2879 civili
437 2826 625 2880 adnotationes
652 2827 719 2880 mihi
741 2827 922 2880 commodarit
942 2831 971 2879 et
992 2827 1065 2879 locos
1087 2826 1193 2898 aliquot

113 2903 123 2946 l
168 2911 195 2963 in
224 2913 315 2965 codice
344 2911 528 2979 Gottorpiensi
557 2930 607 2980 per
633 2914 667 2967 H.
683 2917 716 2967 A.
731 2914 901 2982 Krampinm
927 2912 1192 2982 praestantissimum

120 2974 293 3087 liuvenem
314 3016 357 3051 me
377 3001 489 3066 petente
511 2995 691 3065 inspiciendos
713 2999 825 3054 curarit.
870 3002 966 3054 Partes
983 2998 1108 3052 codicum
1122 2998 1191 3052 Moi-

166 3083 293 3137 siacensis
327 3089 354 3136 et
386 3080 521 3136 Iadrensis
554 3080 751 3136 eruditissimus
784 3073 840 3137 vir¹
857 3084 978 3154 mihique
1014 3083 1191 3137 amicissimus

165 3172 263 3224 Petrus
285 3169 443 3224 Franciscus
465 3160 607 3221 Faillidres
628 3166 801 3232 Parisiensis,
836 3185 907 3241 quae
934 3169 1008 3223 illiue
1036 3173 1079 3222 est
1099 3168 1191 3240 singu·

165 3254 230 3309 laris
251 3257 422 3318 humanitas,
444 3260 556 3326 rogatus
579 3252 700 3307 contulit
737 3256 782 3308 Ad
803 3260 970 3325 postremum
985 3254 1068 3308 etiam
1082 3254 1111 3306 in
1124 3258 1190 3309 Am·

165 3343 357 3396 stelodamensi
378 3341 471 3396 codice
492 3342 578 3396 rerba
598 3340 734 3410 quaedam
755 3340 915 3394 restitenmt
929 3341 1028 3394 iterum
1042 3338 1190 3403 intuenda,

165 3431 238 3496 quod
272 3428 412 3501 negotium
438 3430 473 3483 D.
495 3429 653 3489 Lodeesen,
686 3425 908 3481 bibliothecarius
930 3425 1191 3482 Amstelodamensia

165 3514 348 3579 doctissimus,
371 3514 576 3584 perhumaniter
597 3511 723 3581 suscepit

250 3636 304 3690 Ser.
327 3635 448 3705 Upsalae
470 3634 547 3687 nonis
569 3631 653 3687 Iuniis
680 3630 770 3686 1861.

580 3812 778 3824 Μ
