2616 4492
204 260 265 325 124
532 274 581 322 na
603 275 720 323 annno
744 274 899 323 esnmco

202 416 357 490 mittebat,
381 415 453 496 quin
474 415 607 496 equestri
628 415 743 496 proelio
764 416 927 479 interiectis
951 415 1132 497 sagittariis,
1156 416 1230 498 quid

201 502 233 563 in
261 521 377 582 quoque
405 510 487 564 esset
508 502 599 563 animi
622 521 658 563 ac
680 502 801 564 virtutis
825 522 962 576 suorum,
995 502 1227 582 periclitaretur.

200 588 279 650 Erat
310 609 327 650 e
360 589 478 668 regione
512 588 614 667 oppidi
642 589 725 650 collis
754 590 809 650 sub
838 590 913 670 ipsis
941 589 1092 651 radicibus
1114 590 1228 651 montis

203 675 319 755 egregie
347 675 480 736 munitus
508 684 599 755 atque
622 693 659 734 ex
682 676 763 736 omni
785 684 871 754 parte
894 677 1100 749 circumcisus,
1137 695 1227 755 quem

171 761 228 823 ssi
250 770 387 822 tenerent
414 761 526 833 nostri,
562 770 592 822 et
619 781 716 841 aquae
740 781 849 842 magna
870 771 957 843 parte
980 770 1011 823 et
1031 760 1228 841 pabulatione

202 847 300 909 libera
327 847 507 927 prohibituri
533 847 636 908 hostes
658 848 848 910 videbantur.
893 848 1004 911 Sedis
1027 848 1110 909 locus
1131 868 1226 928 prae-

202 934 278 995 sidio
311 935 350 995 ab
377 933 425 994 his
448 953 509 995 non
532 933 620 994 nimis
644 934 729 995 firmo
752 936 920 996 tenebatur.
965 936 1082 996 Tamen
1105 934 1226 996 silentio

201 1020 298 1082 noctis
321 1020 437 1081 Caesar
460 1039 498 1080 ex
519 1020 628 1081 castris
652 1040 804 1100 egressus,
833 1021 1006 1101 priusquam
1030 1021 1164 1083 subsidio
1188 1040 1228 1084 ex

201 1107 311 1186 oppido
333 1106 430 1167 veniri
450 1115 569 1185 posset,
604 1107 719 1167 deiecto
748 1107 899 1186 praesidio
921 1107 1037 1187 potitus
1059 1108 1124 1169 loco
1148 1108 1226 1168 duas

157 1215 185 1253 ro
199 1192 243 1253 ibi
266 1192 396 1273 legiones
420 1192 588 1253 conlocavit
609 1193 781 1272 fossamque
804 1193 949 1272 duplicem
975 1195 1146 1254 duodenum
1167 1213 1226 1273 pe-

201 1279 271 1341 dum
295 1299 314 1340 a
336 1278 498 1340 maioribus
522 1279 631 1339 castris
655 1281 693 1340 ad
716 1279 833 1340 minora
854 1279 1009 1359 perduxit,
1038 1289 1072 1340 ut
1092 1288 1160 1340 tuto
1184 1281 1224 1341 ab

199 1365 355 1444 repentino
378 1365 510 1426 hostium
532 1365 653 1426 incursu
676 1366 766 1427 etiam
782 1365 891 1445 singuli
906 1384 1073 1427 commeare
1087 1375 1226 1444 possent.

156 1463 191 1517 37
264 1452 344 1512 Dum
382 1451 457 1512 haec
490 1453 529 1513 ad
563 1451 745 1531 Gergoviam
779 1461 938 1532 geruntur,
973 1451 1224 1514 Convictolitavis

198 1536 343 1611 Aeduus,
370 1538 417 1598 cui
439 1538 649 1617 magistratum
673 1538 877 1611 adiudicatum
900 1558 920 1599 a
942 1537 1072 1600 Caesare
1094 1538 1225 1599 demon-

156 1645 184 1684 is
200 1624 381 1698 stravimus,
416 1623 594 1685 sollicitatus
623 1625 662 1686 ab
684 1622 833 1685 Arvernis
855 1625 983 1703 pecunia
1005 1644 1071 1687 cum
1094 1624 1225 1704 quibus·-

199 1712 269 1772 dam
291 1710 532 1771 adolescentibus
555 1709 752 1790 conloquitur,
776 1729 901 1789 quorum
925 1720 991 1772 erat
1009 1711 1149 1790 princeps
1164 1711 1225 1773 Li-

199 1796 332 1858 taviccus
355 1806 445 1875 atque
469 1796 532 1857 eius
555 1797 681 1871 iratres,
710 1797 903 1877 amplissima.
919 1796 1034 1858 familia
1055 1797 1120 1858 nati
1143 1798 1222 1858 ado-

198 1882 354 1944 lescentes.
410 1882 485 1943 Cum
512 1882 559 1943 his
587 1883 754 1962 praemium
783 1883 981 1944 communicat
1007 1883 1224 1964 hortaturque,

198 1977 232 2029 ut
265 1988 297 2029 se
330 1968 441 2030 liberos
476 1975 507 2028 et
532 1969 656 2049 imperio
682 1978 771 2035 natos
795 1969 998 2030 meminerint:
1032 1989 1124 2030 unam
1152 1989 1224 2032 esse

154 2078 184 2117 ao
197 2052 372 2115 Aeduorum
402 2054 570 2126 civitatem,
599 2074 676 2134 quae
699 2054 897 2116 certissimam
921 2054 1040 2117 Galliae
1062 2055 1221 2126 victoriam

198 2140 358 2213 distineat;
382 2140 446 2201 eius
469 2140 648 2201 auctoritate
669 2141 801 2221 reliquas
824 2141 983 2214 contineri;
1007 2161 1066 2222 qua
1080 2143 1222 2207 traducta

197 2226 294 2288 locum
316 2226 501 2287 consistendi
523 2226 671 2289 Romanis
693 2227 724 2288 in
747 2225 849 2288 Gallia
871 2247 930 2289 non
945 2229 1017 2290 fore.
1045 2228 1124 2290 Esse
1139 2247 1221 2290 non-

197 2312 280 2375 nullo
308 2332 341 2374 se
370 2312 510 2374 Caesaris
532 2313 677 2375 beneficio
700 2314 866 2387 adlectum,
896 2314 940 2375 sic
960 2324 1078 2386 tamen,
1112 2323 1147 2375 ut
1168 2314 1222 2376 iu*

198 2399 362 2461 atissimam
396 2400 476 2478 apud
504 2418 571 2460 enm
598 2418 722 2460 causam
750 2399 927 2473 obtinuerit3
961 2402 1015 2465 sed
1041 2400 1111 2480 plus
1133 2419 1230 2481 com-¹

152 2508 181 2547 rs
197 2485 278 2547 muni
311 2484 446 2546 libertati
473 2485 611 2546 tribucre.
656 2485 718 2546 Cur
745 2485 824 2547 enim
852 2486 953 2565 potius
980 2485 1081 2548 Aedui
1103 2488 1141 2548 de
1163 2506 1221 2548 sno

195 2571 260 2633 iure
283 2582 313 2633 et
336 2573 372 2632 de
395 2571 510 2650 legibus
534 2572 573 2632 ad
596 2571 760 2633 Caesarem
774 2572 1022 2652 disceptatorem,
1046 2592 1135 2653 quam
1150 2573 1219 2635 Ro-

195 2658 278 2719 mani
315 2659 355 2720 ad
387 2657 513 2719 Aeduos
546 2657 688 2719 veniant?
733 2658 879 2721 Celeriter
912 2658 1152 2720 adolescentibus
1187 2669 1218 2721 et

196 2744 331 2806 oratione
365 2744 559 2824 magistratus
593 2753 625 2806 et
656 2745 790 2824 praemio
824 2746 974 2819 deductis,
1008 2764 1072 2806 curn
1106 2766 1140 2806 se
1167 2746 1218 2811 vel

195 2830 345 2910 principes
373 2831 437 2891 eius
460 2830 575 2892 consilii
597 2832 661 2892 iore
682 2834 903 2910 profiterentur,
937 2832 1015 2894 ratio
1042 2832 1218 2911 perficiendi

151 2940 181 2979 ao
195 2919 405 2998 quaerebatur,
430 2919 509 2996 quod
531 2917 683 2979 civitatem
707 2928 819 2979 temere
843 2921 883 2980 ad
905 2919 1126 2998 suscipiendum
1148 2919 1216 2981 bel-

193 3003 255 3066 lum
279 3003 387 3066 adduci
408 3022 499 3084 posse
522 3022 581 3064 non
604 3005 804 3066 confidebant.
849 3005 984 3077 Placuit,
1017 3014 1052 3066 ut
1076 3005 1216 3067 Litavic-

194 3109 246 3152 cus
273 3092 374 3152 decem
402 3090 462 3150 illis
490 3089 626 3162 milibus,
661 3110 738 3170 quae
765 3090 892 3152 Caesari
914 3092 953 3152 ad
974 3090 1087 3152 bellum
1110 3092 1219 3153 mitte-

193 3186 308 3251 rentur,
331 3177 540 3256 praeficeretur
562 3184 651 3257 atque
674 3196 710 3238 ca
732 3178 868 3239 ducenda
890 3186 1021 3250 curaret,
1044 3178 1215 3258 fratresque

193 3264 257 3325 eins
280 3264 319 3325 ad
342 3263 503 3324 Caesarem
526 3273 757 3342 praecurrerent.
801 3263 931 3343 Reliqua
953 3283 1012 3343 qna
1032 3264 1149 3326 ratione
1164 3263 1216 3344 agi

149 3350 325 3431 38placeat,
361 3349 556 3411 constituunt.
610 3349 783 3413 Litaviccus
816 3359 938 3429 accepto
973 3350 1120 3424 exercitu,
1146 3369 1213 3412 cum

148 3459 176 3498 ao
192 3437 275 3498 milia
296 3455 440 3516 passuum
463 3435 579 3496 circiter
601 3451 682 3496 xxx
704 3437 743 3496 ab
766 3435 918 3510 Gergovia
938 3437 1074 3511 abesset,
1099 3455 1215 3498 convo-

192 3523 267 3584 catis
301 3523 400 3584 subito
435 3522 578 3583 militibus
606 3522 783 3594 lacrimans,
818 3519 885 3590 Quo
908 3523 1131 3602 proficiscimur,
1160 3523 1212 3583 in-

192 3609 270 3688 quit,
299 3607 432 3669 milites?
477 3606 584 3669 Omnis
618 3617 721 3669 noster
748 3607 914 3687 equitatus,
950 3609 1045 3671 omnis
1068 3608 1212 3671 nobilitas

190 3693 318 3766 interiit;
353 3694 500 3775 principes
529 3693 675 3765 civitatis,
708 3693 897 3773 Eporedorix
925 3704 956 3756 et
982 3695 1210 3769 Viridomarus,

148 3804 177 3842 ro
190 3779 356 3841 insimulati
383 3781 560 3859 proditionis
584 3783 622 3841 ab
644 3779 791 3842 Romanis
813 3780 928 3841 indicta
949 3800 1041 3843 causa
1062 3781 1212 3842 interiecti

192 3874 270 3926 sunt.
314 3867 399 3928 Haec
431 3869 470 3928 ab
499 3867 574 3945 ipsis
602 3865 786 3946 cognoscite,
820 3867 870 3946 qui
899 3886 937 3928 ex
958 3867 1025 3946 ipsa
1047 3869 1136 3929 caede
1156 3869 1209 3928 lu-

191 3961 312 4033 gerunt3
335 3972 406 4014 narn
429 3973 482 4033 ego
503 3952 648 4017 iratribus
671 3962 761 4033 atque
784 3953 922 4016 omnibus
943 3954 1018 4015 meis
1033 3954 1209 4034 propinquis
