2616 4492
416 311 485 360 mu.
501 310 523 358 1.
547 311 623 360 ons.
638 295 776 359 20-25.
1067 295 1103 357 ll

91 467 112 511 a
143 446 207 510 suis
233 448 330 510 teneri
357 455 388 510 et
412 447 569 511 Helvetios
596 454 699 511 eastra
725 446 856 511 movisse
879 455 910 509 et
932 444 1106 510 Considium

92 535 200 596 timore
221 534 411 614 perterritum
433 537 513 615 quod
534 553 594 596 non
615 534 742 596 vidisset
761 552 817 615 pro
839 533 905 595 viso
921 533 979 594 sibi
993 553 1106 596 renun-

90 620 228 682 tiavisse.
270 621 316 683 Eo
339 620 387 682 die
408 641 465 702 quo
488 629 648 683 consuerat
667 620 824 682 intervallo
847 620 950 681 hostes
973 621 1107 700 sequitur

92 716 123 768 et
144 706 228 768 milia
249 726 393 786 passuum
414 707 474 768 tria
496 708 535 768 ab
558 725 660 768 eorum
681 707 788 768 castris
810 715 913 767 castra
933 705 1027 785 ponit.

123 798 130 809 '
156 793 307 854 Postridie
334 793 398 856 eins
425 793 499 869 diei,
533 795 611 874 quod
638 793 758 854 omnino
784 792 907 853 biduum
933 794 1150 871 superamare

92 899 160 942 cnm
182 879 324 942 exercitui
344 881 524 951 frumentum
546 878 645 940 metiri
668 887 835 959 oporteret,
857 887 888 939 et
909 879 988 958 qnod
1011 898 1031 939 a
1051 878 1135 940 Bi-o

92 967 213 1038 bracte,
242 967 351 1045 oppido
374 964 549 1028 Aeduorum
571 965 659 1046 longe
680 965 810 1026 maximo
834 974 865 1025 et
886 964 1108 1044 copiosissimo,

92 1072 153 1114 non
181 1051 309 1132 amplius
331 1053 452 1115 milibus
473 1071 618 1133 passuum
640 1067 734 1113 xum
756 1052 876 1123 aberat,
911 1051 953 1112 rei
974 1052 1108 1112 trumen-

93 1139 191 1200 tariae
218 1139 458 1219 prospiciendum
480 1139 679 1213 existimavit,
706 1138 764 1198 iter
785 1139 824 1199 ab
846 1136 995 1199 Helvetiis
1017 1156 1108 1198 aver-

94 1225 134 1286 tit
166 1243 201 1286 ac
232 1225 373 1287 Bibracte
400 1226 443 1288 ire
471 1225 630 1287 contendit.
674 1223 723 1284 Ea
749 1243 798 1285 res
824 1243 878 1303 per
903 1223 1046 1303 fugitivos
1073 1223 1109 1284 L.
1124 1245 1153 1284 ro

94 1310 234 1386 Aemilii,
258 1312 423 1373 decurionis
446 1311 578 1393 equitum
601 1310 767 1382 Gallorum,
790 1310 927 1371 hostibus
945 1310 1110 1370 nuntiatur.

95 1397 243 1470 Helvetii,
272 1418 325 1459 seu
354 1399 433 1478 quod
459 1398 565 1459 timore
586 1396 761 1476 perterritos
783 1395 937 1457 Romanos
958 1394 1112 1456 discedere

96 1502 115 1544 a
137 1503 170 1545 se
193 1483 415 1556 existimarent,
439 1503 474 1545 eo
496 1483 609 1564 magis,
632 1484 711 1563 qnod
733 1482 829 1561 pridie
844 1481 1046 1561 superioribus
1061 1481 1110 1542 lo-

96 1570 138 1632 cis
161 1570 312 1649 occupatis
333 1570 479 1650 proelium
501 1588 562 1630 non
584 1567 820 1642 commisissent,
853 1567 918 1628 sive
946 1586 996 1640 eo,
1031 1567 1111 1647 quod

96 1675 130 1717 re
161 1656 358 1717 frumentaria
389 1655 547 1717 intercludi
579 1674 670 1735 posse
697 1655 895 1727 confiderent,
929 1661 1111 1714 commutato
1126 1677 1153 1716 ra

97 1742 221 1804 consilio
244 1750 333 1821 atque
353 1741 460 1803 itinere
482 1760 626 1802 converso
646 1749 767 1801 nostros
783 1758 802 1799 a
816 1739 979 1801 novissimo
994 1738 1112 1819 agmine

97 1827 214 1908 insequi
236 1847 272 1889 ac
293 1828 441 1889 lacessere
463 1836 632 1906 coeperunt.
665 1826 832 1906 Postquam
853 1826 885 1887 id
907 1825 1037 1886 animum
1053 1825 1155 1887 aul-24

98 1914 205 1989 vertit,
239 1913 340 1994 copias
369 1933 440 1975 snas
467 1913 583 1975 Caesar
604 1912 635 1974 in
656 1912 825 1992 proximum
847 1911 951 1973 collem
974 1910 1113 1973 subducit

100 2001 339 2081 equitatumque,
377 1999 429 2081 qni
466 1999 628 2061 sustineret
658 1998 791 2061 hostium
823 1998 983 2077 impetum,
1021 1997 1113 2058 misit.

97 2086 168 2167 Ipse
195 2086 315 2148 interim
341 2085 373 2147 in
400 2086 475 2147 colle
496 2086 594 2148 medio
616 2085 762 2165 triplicem
785 2085 879 2146 aciem
901 2085 1045 2146 instruxit
1065 2084 1113 2146 lo·
1127 2107 1157 2146 ao

100 2173 220 2253 gionum
243 2181 384 2252 quattuor
403 2182 628 2245 veteranorum,
650 2173 695 2233 ita
716 2171 760 2233 nti
783 2191 874 2251 supra
896 2190 929 2233 se
950 2171 982 2231 in
998 2189 1114 2232 summo

99 2260 166 2340 iugo
189 2261 264 2321 duas
286 2259 428 2339 legiones,
451 2278 526 2340 quas
549 2258 579 2320 in
603 2257 705 2320 Gallia
727 2258 863 2320 citeriore
884 2258 1019 2338 proxime
1041 2276 1114 2318 con-

100 2346 275 2425 scripserat,
304 2355 335 2407 et
357 2345 457 2407 omnia
479 2345 592 2407 auxilia
613 2346 781 2406 conlocaret
808 2364 843 2405 ac
864 2353 961 2406 totum
983 2352 1116 2404 montem

100 2432 269 2493 hominibus
302 2433 472 2513 compleret.
515 2432 600 2494 Inter
627 2451 662 2493 ea
689 2431 824 2493 sarcinas
851 2431 883 2491 in
905 2450 996 2491 unum
1017 2429 1116 2490 locum

101 2519 226 2579 conferri
249 2528 368 2580 etcum
391 2520 429 2579 ab
451 2519 505 2593 iis,
528 2518 631 2598 quiin
654 2517 805 2598 superiore
828 2516 890 2578 acie
906 2515 1114 2588 constiterant,
1129 2538 1158 2577 aa

102 2605 211 2666 muniri
243 2605 339 2666 iussit
383 2604 516 2666 Helvetii
548 2624 615 2666 oum
644 2603 781 2665 omnibus
810 2603 871 2665 suis
900 2603 994 2664 carris
1022 2601 1116 2662 secuti

101 2691 315 2770 impedimenta
340 2689 372 2751 in
398 2710 488 2752 unum
515 2691 612 2753 locum
634 2690 838 2763 contulerunt3
871 2689 930 2769 ipsi
957 2688 1116 2750 confertis-

103 2777 181 2838 sima
203 2777 265 2838 acie
286 2776 394 2837 reiecto
417 2786 520 2838 nostro
544 2777 678 2858 equitatu
699 2776 849 2857 phalange
870 2777 952 2838 lacta
974 2775 1029 2836 sub
1051 2775 1116 2854 pri·

103 2882 185 2923 mam
213 2870 348 2923 nostram
376 2862 469 2923 aciem
491 2872 704 2925 successerunt.
759 2863 874 2925 Caesar
895 2861 1024 2942 primum
1046 2864 1160 2934 suo,25

104 2949 212 3009 deinde
244 2947 375 3008 omnium
404 2967 441 3009 ex
467 2957 627 3028 conspectu
649 2948 772 3011 remotis
795 2948 894 3029 equis,
927 2958 961 3010 ut
988 2956 1117 3027 aequato
1131 2970 1161 3009 so

104 3035 235 3097 omnium
249 3031 379 3113 periculo
395 3052 479 3112 spem
493 3034 580 3113 fugae
593 3035 727 3109 tolleret,
750 3035 924 3096 cohortatus
940 3053 1010 3095 snos
1025 3053 1117 3113 proe-

17 3135 22 3142 ·
104 3120 177 3182 lium
205 3118 363 3181 commisit.
406 3118 521 3180 Milites
549 3139 565 3180 e
592 3120 657 3182 loco
680 3121 831 3201 superiore
853 3121 923 3200 pilis
946 3120 1047 3180 missis
1068 3120 1118 3180 fa-

104 3207 160 3269 cile
181 3206 312 3268 hostium
337 3204 518 3286 phalangem
540 3207 751 3286 perfregerunt.
794 3207 843 3267 Ea
865 3206 990 3268 disiecta
1012 3204 1118 3285 gladiis

105 3293 256 3354 destrictis
290 3291 322 3354 in
355 3311 406 3354 eos
439 3292 583 3372 impetum
614 3295 755 3354 fecerunt.
806 3291 904 3353 Gallis
937 3310 1046 3371 magno
1079 3292 1120 3352 ad

105 3399 236 3460 pugnam
269 3388 334 3439 erat
365 3378 593 3458 impedimento,
627 3380 705 3459 qnod
737 3378 871 3458 pluribus
900 3397 1000 3438 eorum
1027 3377 1119 3439 scutis
1133 3399 1161 3439 aa

105 3486 165 3527 nno
192 3466 253 3526 ictu
280 3465 406 3545 pilorum
428 3465 582 3527 transfixis
605 3474 635 3526 et
657 3465 827 3543 conligatis,
861 3483 926 3525 cum
953 3465 1063 3525 terrum
1087 3483 1120 3525 se

105 3552 288 3625 inflexisset,
322 3570 417 3632 neque
445 3551 572 3613 evellere
599 3571 694 3632 neque
721 3551 845 3612 sinistra
871 3549 1017 3629 impedita
1043 3550 1120 3612 satis

106 3639 258 3700 commode
285 3657 417 3719 pugnare
439 3647 595 3718 poterant,
628 3637 715 3700 multi
736 3647 771 3699 ut
793 3637 843 3700 diu
864 3636 975 3698 iactato
997 3636 1119 3698 brachio

107 3733 320 3805 praeoptarent
342 3734 457 3786 sentum
479 3744 571 3786 manu
593 3725 729 3787 emittere
752 3732 783 3786 et
805 3724 883 3784 nudo
901 3742 1024 3803 corpore
1041 3743 1119 3804 pug-

109 3831 191 3872 nare.
246 3812 383 3872 Tandem
410 3811 583 3874 vulneribus
616 3812 727 3873 defessi
755 3820 785 3872 et
811 3811 917 3890 pedem
939 3812 1050 3873 referre
1073 3818 1119 3884 et,
1134 3833 1163 3872 so

109 3899 188 3978 quod
210 3916 296 3958 mons
318 3897 443 3959 suberat
464 3896 581 3961 circiter
601 3899 682 3960 mille
704 3916 863 3978 passuum,
886 3916 921 3959 eo
944 3916 976 3958 se
989 3897 1121 3976 recipere

110 3993 278 4064 coeperunt.
322 3983 420 4064 Capto
447 3991 548 4045 monte
570 3995 601 4047 et
623 3985 848 4048 succedentibus
870 3984 979 4048 nostris
1000 3983 1069 4047 Boii
1091 3990 1123 4045 et
