2616 4492
468 277 517 325 na
539 278 822 327 unnnuroumue.
1111 262 1154 327 57

128 441 192 481 cos.
217 418 343 492 similia,
368 417 1040 498 quaeininscriptionibusfrequentissima
1070 425 1158 491 sunt,

131 517 196 569 tum
219 506 332 568 iterum
354 502 464 566 consol
484 516 547 567 tum
568 506 614 568 bie
629 503 737 567 consol
751 504 901 584 appellari
917 504 1024 584 potuit.
1056 502 1160 574 Quare

133 602 271 675 apertum
295 600 342 653 est
365 600 398 653 ut
416 592 583 654 secundom
604 592 649 653 ita
671 592 717 653 bio
738 592 828 652 facile
851 590 998 671 scriptum
1022 610 1089 652 esse
1104 610 1160 670 pro

133 683 254 742 iterum.
299 680 334 741 Id
357 698 428 740 vero
452 680 483 740 in
506 680 554 740 his
578 679 696 752 verbis,
721 698 798 759 quae
822 678 882 751 45,
906 677 926 740 8
950 679 986 739 de
1011 686 1099 738 aestu
1122 697 1160 739 ex

136 767 199 828 alto
223 788 255 828 se
278 766 425 827 incitante
449 774 535 840 sunt,
559 765 640 847 qood
662 765 717 827 bie
740 764 855 826 accedit
876 784 995 845 semper
1009 765 1162 825 berorum

136 875 203 915 ‚rra
226 853 344 936 apello,
379 854 542 933 contigisse
575 852 648 914 mihi
680 853 810 913 videtur.
854 851 939 913 Nota
967 851 1047 911 enim
1070 858 1161 930 atque

135 941 215 1020 apud
248 960 352 1001 omnes
385 940 566 1021 pervulgata
595 959 643 1000 res
666 949 713 1000 est
736 939 877 1000 horarum
900 953 953 999 ΧΗ
976 937 1077 1017 spatio
1101 957 1162 999 non

134 1028 201 1100 bis,
225 1028 278 1087 sed
302 1026 395 1088 semel
417 1035 534 1089 aestum
555 1046 587 1087 se
611 1025 755 1098 incitare,
784 1045 877 1105 quare
901 1025 1050 1104 ambiguis
1073 1044 1160 1085 men-

136 1115 218 1175 tibus
241 1114 298 1174 hoc
321 1113 388 1174 loco
410 1113 604 1176 haesitarunt
627 1113 709 1174 docti
732 1112 799 1173 viri.
834 1110 923 1182 Quod
939 1112 965 1172 si
981 1111 1078 1172 altero
1093 1111 1160 1172 loco

137 1201 236 1261 evenit
261 1199 332 1273 136,
355 1198 413 1272 38,
434 1201 494 1262 iam
517 1209 620 1281 patet,
644 1200 714 1280 quid
737 1199 767 1258 in
791 1217 885 1259 causa
907 1198 963 1271 sit,
988 1217 1056 1270 cur,
1080 1198 1160 1278 quod

90 1354 93 1359 ,
136 1287 181 1348 bis
203 1288 339 1348 nonnulli
362 1287 482 1349 librarii
504 1289 692 1367 perscribere
715 1306 775 1347 non
798 1286 1024 1357 dubitaverunt,
1048 1285 1079 1345 id
1091 1285 1159 1364 ple·

136 1375 220 1453 rique
231 1393 356 1454 prorsus
376 1375 542 1436 omiserint.
567 1374 613 1435 Cf.
626 1393 691 1453 cap.
706 1373 730 1433 1.
748 1374 783 1433 B.
800 1385 835 1432 11.
851 1374 880 1432 2.
905 1371 1048 1452 Apparet
1058 1371 1162 1443 etiam,

137 1461 241 1521 curin
264 1460 294 1522 U
318 1459 377 1533 45,
400 1461 421 1520 8
445 1479 505 1522 non
528 1461 570 1521 sit
593 1461 653 1532 bio,
684 1460 738 1520 sed
765 1458 806 1518 iis
834 1458 930 1540 (quod
952 1460 984 1519 iu
1007 1457 1094 1531 aliis,
1129 1466 1164 1519 ut

137 1549 186 1618 fit,
209 1547 259 1608 hle
281 1548 427 1626 scripturn
451 1546 531 1628 est);
556 1567 625 1608 nam
649 1566 695 1608 .11.
719 1554 750 1606 et
771 1545 811 1617 il,
836 1565 895 1607 nm.
922 1544 1014 1606 otiis
1036 1546 1163 1606 intense

135 1635 247 1695 mutari
269 1653 363 1714 supra
386 1634 572 1695 declaratum
597 1642 658 1694 est:
693 1633 796 1713 itaque
825 1641 878 1692 aut
907 1633 1028 1693 adiecta
1050 1631 1164 1693 lineola

136 1740 176 1779 m
198 1722 299 1782 luerat
321 1721 484 1800 scriptum,
509 1729 578 1792 aut,
606 1720 686 1800 quod
710 1719 808 1798 magis
832 1720 939 1792 credo,
969 1738 1035 1780 cum
1058 1717 1083 1779 ii
1104 1737 1161 1779 aa·

135 1805 210 1867 cidit
241 1809 365 1880 fuisset,
399 1808 456 1868 hoc
486 1825 524 1867 ex
547 1806 665 1886 vulgari
688 1807 967 1867 accommodatione
989 1805 1029 1867 iia
1051 1804 1165 1867 occidit

136 1895 327 1954 factumest.

201 1979 281 2040 Sunt
313 1980 475 2041 nonnullae
508 1979 736 2058 praenominum
770 1979 972 2053 mutationes,
1009 1997 1085 2057 quae
1119 1978 1165 2039 ita

136 2073 256 2125 tantum
285 2067 358 2127 oriri
386 2075 567 2145 potuerunt,
597 2067 623 2127 ei
650 2065 736 2126 initio
761 2066 816 2126 illa
839 2065 1015 2144 compendio
1039 2064 1162 2126 littera·

137 2171 202 2213 rum
226 2154 343 2230 scripta
366 2162 445 2214 sunt.
489 2152 569 2214 Nam
598 2171 653 2232 pro
683 2151 737 2212 tito
760 2148 879 2212 labieno
903 2152 968 2212 odd.
995 2151 1045 2223 10,
1068 2152 1110 2211 30
1134 2160 1165 2212 et

139 2238 210 2312 160,
236 2240 275 2300 13
303 2238 419 2299 habent
440 2236 520 2299 lucio
542 2237 671 2310 labieno,
702 2239 781 2317 quod
804 2239 965 2299 manifesto
990 2255 1029 2298 ex
1052 2252 1072 2298 Τ
1097 2257 1164 2299 cum

138 2340 161 2386 L
185 2333 370 2387 commutato
394 2325 515 2386 exstitit
537 2327 687 2386 mendum.
718 2324 884 2386 Contraria
898 2323 1065 2386 mutatione
1082 2325 1166 2386 lacta

141 2409 212 2484 167,
237 2413 256 2472 3
280 2434 297 2471 r
320 2413 384 2474 sive
406 2409 547 2492 {paolo
571 2414 672 2474 estin
696 2411 761 2472 cdd.
806 2412 875 2473 Hoc
898 2412 964 2473 loco
989 2411 1164 2472 restitutum

138 2498 236 2559 voluit
270 2519 453 2578 praenomen
486 2500 709 2580 Nipperdeius,
744 2498 807 2559 illis
838 2497 958 2560 delevit.
1008 2498 1045 2559 In
1075 2498 1105 2559 R
1135 2505 1166 2558 et

139 2584 209 2644 aliis
233 2586 284 2658 23,
308 2587 349 2647 38
372 2595 420 2646 est
442 2585 619 2660 conualeri,
644 2586 714 2667 quia
737 2605 753 2646 o
776 2586 854 2647 male
878 2585 1072 2666 interpretati
1095 2591 1166 2646 sunt

140 2670 269 2732 librarii.
313 2672 348 2731 In
380 2673 504 2750 optimis
528 2675 594 2737 odd.
617 2675 668 2733 ubi
692 2672 743 2746 77,
768 2673 808 2735 29
833 2672 1037 2752 praenominis
1060 2670 1166 2732 littera

139 2776 206 2818 oum
239 2757 358 2818 nomine
388 2757 551 2837 erpineiue
584 2759 698 2820 coaluit
721 2757 936 2841 (carpinellus)
967 2757 1165 2819 substitutum

140 2852 188 2904 est
207 2842 307 2922 peius.
352 2843 401 2904 Ex
424 2853 551 2925 utroque
576 2845 715 2923 exemplo
742 2845 901 2922 probabile
924 2845 959 2904 fit
981 2862 1166 2922 praenomen

139 2930 216 2991 illud
240 2950 258 2990 a
280 2929 429 3010 principio
458 2929 503 3004 0.,
526 2950 586 2992 non
614 2929 665 3003 (a,
688 2929 836 3008 scriptum
851 2950 927 2990 esse.
960 2927 1165 2999 Quamobrem

141 3017 233 3077 etiam
261 3017 293 3078 in
316 3016 342 3077 Τ
368 3017 439 3090 136,
463 3019 482 3078 3
505 3017 615 3097 legitur
637 3023 673 3078 eii
695 3013 830 3089 celeria,
862 3017 941 3096 qnod
968 3016 1104 3096 quidem,
1139 3016 1166 3076 si

146 3102 186 3164 G.
209 3103 274 3164 sive
293 3122 323 3182 p.
348 3105 516 3182 antiquitus
538 3105 663 3178 inisset,
687 3104 808 3164 minime
833 3112 930 3164 ortum
953 3110 1044 3164 esset.
1091 3101 1163 3175 168,

141 3190 179 3251 41
211 3209 249 3250 oc
275 3208 339 3250 non
362 3190 506 3273 pompeio
529 3200 578 3252 est
600 3191 631 3252 in
653 3190 679 3252 P
703 3190 848 3270 aliisque,
883 3209 940 3271 quo
969 3196 1109 3269 apertum
1131 3191 1167 3250 fit

141 3294 202 3337 non
220 3296 290 3355 pra,
319 3278 373 3338 sed
395 3298 442 3339 om.
465 3278 570 3339 luisse.
616 3275 653 3352 Q.
679 3277 743 3338 sive
766 3298 809 3358 p,
832 3276 885 3338 ubi
909 3274 1046 3352 Quintus
1068 3276 1166 3357 signi-

140 3362 271 3435 ficabat,
296 3364 375 3442 quod
398 3363 601 3427 coniunctioni
625 3383 681 3444 que
704 3363 889 3425 simillimum
905 3370 972 3425 erat
989 3360 1075 3443 (nam
1090 3364 1167 3424 haec

142 3469 258 3532 quoque
292 3469 318 3529 q.
342 3450 563 3534 scribebatur),
600 3451 722 3531 saepius
757 3450 949 3512 antecedenti
981 3451 1074 3511 verbo
1109 3451 1167 3511 ad·

140 3537 257 3598 haesit:
290 3554 361 3598 nam
387 3536 433 3598 Ae
463 3535 516 3613 Q,
550 3538 630 3618 quod
658 3537 718 3610 66,
743 3538 783 3599 33
807 3543 892 3599 tenet
914 3536 959 3610 ll,
994 3537 1025 3599 iu
1048 3536 1108 3598 AT
1132 3555 1167 3597 eo

140 3623 207 3684 loco
240 3624 351 3703 legitur
382 3629 443 3704 atq.
474 3623 510 3705 (i.
535 3623 707 3706 eatque),
741 3624 773 3684 in
800 3623 889 3685 PRV
911 3629 1003 3703 atque
1027 3622 1063 3704 (i.
1087 3643 1112 3684 e.
1136 3630 1170 3683 at

141 3709 263 3792 quem),
287 3709 366 3789 quod
388 3710 530 3789 deinceps
546 3712 578 3772 in
593 3711 637 3771 ed
651 3730 737 3791 qoem
753 3717 967 3771 commutatum
984 3716 1040 3769 est.
1064 3710 1168 3771 Etiam

141 3794 172 3856 U
195 3794 246 3869 71,
269 3798 310 3856 20
333 3801 394 3876 atq.
418 3797 500 3858 atrio
523 3797 627 3858 habet.
673 3796 723 3870 76,
748 3796 789 3858 34
803 3816 857 3877 pro
872 3793 1023 3856 militibus
1038 3794 1093 3871 Q.,
1118 3796 1169 3868 71,

143 3880 158 3940 l
184 3901 238 3960 pro
259 3882 394 3945 menibus
417 3882 454 3959 Q.
479 3884 625 3964 scriptum
649 3885 750 3945 estin
775 3883 832 3944 TU
855 3880 1031 3962 militibneq.
1055 3892 1087 3944 et
1108 3901 1170 3944 nn-

140 3966 257 4050 albneq.
301 3970 337 4033 Iu
359 3970 385 4033 P
409 3970 460 4044 77,
484 3972 526 4032 30
551 3968 588 4045 Q.
611 3970 642 4032 in
664 3969 796 4051 quinque
818 3970 970 4031 detortum
985 3976 1043 4031 est.
1070 3969 1171 4033 Nam-

1040 4062 1062 4130 8
