<?xml version="1.0" encoding="UTF-8"?>
<!DOCTYPE html PUBLIC "-//W3C//DTD XHTML 1.0 Transitional//EN"
    "http://www.w3.org/TR/xhtml1/DTD/xhtml1-transitional.dtd">
<html xmlns="http://www.w3.org/1999/xhtml" xml:lang="en" lang="en">
 <head>
  <title>
</title>
<meta http-equiv="Content-Type" content="text/html;charset=utf-8" />
  <meta name='ocr-system' content='tesseract 3.04.00' />
  <meta name='ocr-capabilities' content='ocr_page ocr_carea ocr_par ocr_line ocrx_word'/>
</head>
<body>
  <div class='ocr_page' id='page_1' title='image "./debellogallicol00friggoog_0176.png"; bbox 0 0 2616 4492; ppageno 0'>
   <div class='ocr_carea' id='block_1_1' title="bbox 437 271 1149 337">
    <p class='ocr_par' dir='ltr' id='par_1_1' title="bbox 437 271 1149 337">
     <span class='ocr_line' id='line_1_1' title="bbox 437 271 1149 337; baseline -0.001 -1"><span class='ocrx_word' id='word_1_1' title='bbox 437 288 507 337; x_wconf 84' lang='lat' dir='ltr'><strong>nm.</strong></span> <span class='ocrx_word' id='word_1_2' title='bbox 522 289 599 335; x_wconf 87' lang='lat' dir='ltr'><strong>v1n.</strong></span> <span class='ocrx_word' id='word_1_3' title='bbox 621 288 697 337; x_wconf 75' lang='lat' dir='ltr'><strong>cnr.</strong></span> <span class='ocrx_word' id='word_1_4' title='bbox 715 271 850 335; x_wconf 79' lang='grc'><strong>10-14,</strong></span> <span class='ocrx_word' id='word_1_5' title='bbox 1087 272 1149 335; x_wconf 76' lang='grc'><strong>153</strong></span> 
     </span>
    </p>
   </div>
   <div class='ocr_carea' id='block_1_2' title="bbox 132 425 1208 4042">
    <p class='ocr_par' dir='ltr' id='par_1_2' title="bbox 132 425 1179 1198">
     <span class='ocr_line' id='line_1_2' title="bbox 132 425 1149 510; baseline -0.003 -19"><span class='ocrx_word' id='word_1_6' title='bbox 132 431 193 491; x_wconf 78' lang='lat' dir='ltr'><strong>lert</strong></span> <span class='ocrx_word' id='word_1_7' title='bbox 208 428 354 510; x_wconf 86' lang='lat' dir='ltr'><strong>equestris</strong></span> <span class='ocrx_word' id='word_1_8' title='bbox 369 427 490 508; x_wconf 85' lang='lat' dir='ltr'><strong>proelii,</strong></span> <span class='ocrx_word' id='word_1_9' title='bbox 514 447 547 490; x_wconf 89' lang='lat' dir='ltr'><strong>se</strong></span> <span class='ocrx_word' id='word_1_10' title='bbox 566 435 742 508; x_wconf 88' lang='lat' dir='ltr'><strong>receperunt</strong></span> <span class='ocrx_word' id='word_1_11' title='bbox 757 426 870 488; x_wconf 89' lang='lat' dir='ltr'><strong>amisso</strong></span> <span class='ocrx_word' id='word_1_12' title='bbox 884 425 1041 501; x_wconf 86' lang='lat' dir='ltr'><strong>Vertisco,</strong></span> <span class='ocrx_word' id='word_1_13' title='bbox 1063 427 1149 506; x_wconf 88' lang='lat' dir='ltr'><strong>prin-</strong></span> 
     </span>
     <span class='ocr_line' id='line_1_3' title="bbox 134 511 1150 596; baseline -0.004 -19"><span class='ocrx_word' id='word_1_14' title='bbox 134 517 199 596; x_wconf 90' lang='lat' dir='ltr'><strong>cipe</strong></span> <span class='ocrx_word' id='word_1_15' title='bbox 221 515 368 590; x_wconf 86' lang='lat' dir='ltr'><strong>civitatis,</strong></span> <span class='ocrx_word' id='word_1_16' title='bbox 391 516 540 594; x_wconf 86' lang='lat' dir='ltr'><strong>praelecto</strong></span> <span class='ocrx_word' id='word_1_17' title='bbox 564 515 711 594; x_wconf 79' lang='lat' dir='ltr'><strong>equitum3</strong></span> <span class='ocrx_word' id='word_1_18' title='bbox 735 514 873 594; x_wconf 90' lang='lat' dir='ltr'><strong>quicum</strong></span> <span class='ocrx_word' id='word_1_19' title='bbox 895 511 947 573; x_wconf 86' lang='lat' dir='ltr'><strong>vix</strong></span> <span class='ocrx_word' id='word_1_20' title='bbox 967 532 1043 593; x_wconf 89' lang='lat' dir='ltr'><strong>equo</strong></span> <span class='ocrx_word' id='word_1_21' title='bbox 1058 532 1150 593; x_wconf 91' lang='lat' dir='ltr'><strong>prop-</strong></span> 
     </span>
     <span class='ocr_line' id='line_1_4' title="bbox 134 597 1151 681; baseline -0.001 -19"><span class='ocrx_word' id='word_1_22' title='bbox 134 611 182 662; x_wconf 86' lang='lat' dir='ltr'><strong>ter</strong></span> <span class='ocrx_word' id='word_1_23' title='bbox 204 609 335 662; x_wconf 89' lang='lat' dir='ltr'><strong>aetatem</strong></span> <span class='ocrx_word' id='word_1_24' title='bbox 357 609 463 681; x_wconf 90' lang='lat' dir='ltr'><strong>posset</strong></span> <span class='ocrx_word' id='word_1_25' title='bbox 484 601 542 674; x_wconf 91' lang='lat' dir='ltr'><strong>uti,</strong></span> <span class='ocrx_word' id='word_1_26' title='bbox 566 610 667 662; x_wconf 88' lang='lat' dir='ltr'><strong>tamen</strong></span> <span class='ocrx_word' id='word_1_27' title='bbox 689 600 904 661; x_wconf 86' lang='lat' dir='ltr'><strong>consuetudine</strong></span> <span class='ocrx_word' id='word_1_28' title='bbox 921 597 1078 660; x_wconf 80' lang='lat' dir='ltr'>Gallorum</span> <span class='ocrx_word' id='word_1_29' title='bbox 1095 619 1151 661; x_wconf 92' lang='lat' dir='ltr'><strong>ne·</strong></span> 
     </span>
     <span class='ocr_line' id='line_1_5' title="bbox 135 686 1150 768; baseline -0.002 -19"><span class='ocrx_word' id='word_1_30' title='bbox 135 707 193 768; x_wconf 89' lang='lat' dir='ltr'><strong>que</strong></span> <span class='ocrx_word' id='word_1_31' title='bbox 227 688 337 749; x_wconf 89' lang='lat' dir='ltr'><strong>aetatis</strong></span> <span class='ocrx_word' id='word_1_32' title='bbox 371 688 563 749; x_wconf 89' lang='lat' dir='ltr'><strong>excusatione</strong></span> <span class='ocrx_word' id='word_1_33' title='bbox 590 688 621 748; x_wconf 93' lang='lat' dir='ltr'><strong>in</strong></span> <span class='ocrx_word' id='word_1_34' title='bbox 649 687 839 765; x_wconf 90' lang='lat' dir='ltr'><strong>suscipienda</strong></span> <span class='ocrx_word' id='word_1_35' title='bbox 864 686 1050 765; x_wconf 79' lang='lat' dir='ltr'><strong>praefectura</strong></span> <span class='ocrx_word' id='word_1_36' title='bbox 1077 706 1150 747; x_wconf 88' lang='lat' dir='ltr'><strong>usus</strong></span> 
     </span>
     <span class='ocr_line' id='line_1_6' title="bbox 135 771 1179 853; baseline -0.002 -17"><span class='ocrx_word' id='word_1_37' title='bbox 135 781 202 836; x_wconf 88' lang='lat' dir='ltr'><strong>erat</strong></span> <span class='ocrx_word' id='word_1_38' title='bbox 228 793 325 853; x_wconf 91' lang='lat' dir='ltr'><strong>neque</strong></span> <span class='ocrx_word' id='word_1_39' title='bbox 353 773 486 835; x_wconf 80' lang='lat' dir='ltr'><strong>dimicari</strong></span> <span class='ocrx_word' id='word_1_40' title='bbox 514 773 578 835; x_wconf 90' lang='lat' dir='ltr'><strong>sine</strong></span> <span class='ocrx_word' id='word_1_41' title='bbox 605 793 639 835; x_wconf 90' lang='lat' dir='ltr'><strong>sc</strong></span> <span class='ocrx_word' id='word_1_42' title='bbox 660 773 806 835; x_wconf 86' lang='lat' dir='ltr'><strong>voluerat</strong></span> <span class='ocrx_word' id='word_1_43' title='bbox 850 771 1079 832; x_wconf 87' lang='lat' dir='ltr'><strong>Inflammantur</strong></span> <span class='ocrx_word' id='word_1_44' title='bbox 1101 781 1179 834; x_wconf 83' lang='lat' dir='ltr'><strong>at-s</strong></span> 
     </span>
     <span class='ocr_line' id='line_1_7' title="bbox 135 858 1152 940; baseline -0.001 -19"><span class='ocrx_word' id='word_1_45' title='bbox 135 879 192 940; x_wconf 90' lang='lat' dir='ltr'><strong>que</strong></span> <span class='ocrx_word' id='word_1_46' title='bbox 213 859 377 921; x_wconf 80' lang='lat' dir='ltr'><strong>incitantur</strong></span> <span class='ocrx_word' id='word_1_47' title='bbox 398 860 530 921; x_wconf 88' lang='lat' dir='ltr'><strong>hostium</strong></span> <span class='ocrx_word' id='word_1_48' title='bbox 553 859 645 921; x_wconf 91' lang='lat' dir='ltr'><strong>animi</strong></span> <span class='ocrx_word' id='word_1_49' title='bbox 667 860 797 920; x_wconf 90' lang='lat' dir='ltr'><strong>secundo</strong></span> <span class='ocrx_word' id='word_1_50' title='bbox 820 858 949 937; x_wconf 89' lang='lat' dir='ltr'><strong>proelio,</strong></span> <span class='ocrx_word' id='word_1_51' title='bbox 972 858 1106 938; x_wconf 91' lang='lat' dir='ltr'><strong>principe</strong></span> <span class='ocrx_word' id='word_1_52' title='bbox 1121 866 1152 920; x_wconf 89' lang='lat' dir='ltr'><strong>et</strong></span> 
     </span>
     <span class='ocr_line' id='line_1_8' title="bbox 134 944 1152 1026; baseline -0.001 -19"><span class='ocrx_word' id='word_1_53' title='bbox 134 946 285 1026; x_wconf 86' lang='lat' dir='ltr'><strong>praefecto</strong></span> <span class='ocrx_word' id='word_1_54' title='bbox 312 946 475 1008; x_wconf 86' lang='lat' dir='ltr'><strong>Remorum</strong></span> <span class='ocrx_word' id='word_1_55' title='bbox 502 946 673 1019; x_wconf 81' lang='lat' dir='ltr'><strong>interiecto,</strong></span> <span class='ocrx_word' id='word_1_56' title='bbox 707 944 860 1025; x_wconf 86' lang='lat' dir='ltr'><strong>nostrique</strong></span> <span class='ocrx_word' id='word_1_57' title='bbox 889 944 1067 1006; x_wconf 89' lang='lat' dir='ltr'><strong>detrimento</strong></span> <span class='ocrx_word' id='word_1_58' title='bbox 1096 945 1152 1006; x_wconf 90' lang='lat' dir='ltr'><strong>ad-</strong></span> 
     </span>
     <span class='ocr_line' id='line_1_9' title="bbox 134 1031 1153 1112; baseline -0.001 -19"><span class='ocrx_word' id='word_1_59' title='bbox 134 1041 295 1093; x_wconf 88' lang='lat' dir='ltr'><strong>monentur</strong></span> <span class='ocrx_word' id='word_1_60' title='bbox 327 1032 498 1112; x_wconf 90' lang='lat' dir='ltr'><strong>diligentius</strong></span> <span class='ocrx_word' id='word_1_61' title='bbox 532 1032 696 1112; x_wconf 85' lang='lat' dir='ltr'><strong>exploratis</strong></span> <span class='ocrx_word' id='word_1_62' title='bbox 724 1031 797 1092; x_wconf 88' lang='lat' dir='ltr'><strong>locis</strong></span> <span class='ocrx_word' id='word_1_63' title='bbox 825 1031 972 1092; x_wconf 83' lang='lat' dir='ltr'><strong>stationes</strong></span> <span class='ocrx_word' id='word_1_64' title='bbox 995 1031 1153 1111; x_wconf 87' lang='lat' dir='ltr'><strong>disponere</strong></span> 
     </span>
     <span class='ocr_line' id='line_1_10' title="bbox 134 1117 836 1198; baseline -0.003 -19"><span class='ocrx_word' id='word_1_65' title='bbox 134 1138 171 1180; x_wconf 89' lang='lat' dir='ltr'><strong>ac</strong></span> <span class='ocrx_word' id='word_1_66' title='bbox 192 1118 374 1180; x_wconf 86' lang='lat' dir='ltr'><strong>moderatius</strong></span> <span class='ocrx_word' id='word_1_67' title='bbox 397 1121 549 1181; x_wconf 85' lang='lat' dir='ltr'><strong>cedentem</strong></span> <span class='ocrx_word' id='word_1_68' title='bbox 572 1118 689 1198; x_wconf 88' lang='lat' dir='ltr'><strong>insequi</strong></span> <span class='ocrx_word' id='word_1_69' title='bbox 711 1117 836 1179; x_wconf 86' lang='lat' dir='ltr'><strong>hostem.</strong></span> 
     </span>
    </p>

    <p class='ocr_par' dir='ltr' id='par_1_3' title="bbox 135 1202 1200 2473">
     <span class='ocr_line' id='line_1_11' title="bbox 200 1202 1197 1284; baseline -0.005 -18"><span class='ocrx_word' id='word_1_70' title='bbox 200 1204 271 1266; x_wconf 92' lang='lat' dir='ltr'><strong>Non</strong></span> <span class='ocrx_word' id='word_1_71' title='bbox 302 1205 506 1266; x_wconf 89' lang='lat' dir='ltr'><strong>intermittunt</strong></span> <span class='ocrx_word' id='word_1_72' title='bbox 531 1205 652 1266; x_wconf 90' lang='lat' dir='ltr'><strong>interim</strong></span> <span class='ocrx_word' id='word_1_73' title='bbox 680 1204 855 1284; x_wconf 87' lang='lat' dir='ltr'><strong>quotidiana</strong></span> <span class='ocrx_word' id='word_1_74' title='bbox 881 1203 996 1282; x_wconf 90' lang='lat' dir='ltr'><strong>proelia</strong></span> <span class='ocrx_word' id='word_1_75' title='bbox 1023 1202 1055 1263; x_wconf 91' lang='lat' dir='ltr'><strong>in</strong></span> <span class='ocrx_word' id='word_1_76' title='bbox 1078 1209 1197 1264; x_wconf 80' lang='lat' dir='ltr'><strong>con-13</strong></span> 
     </span>
     <span class='ocr_line' id='line_1_12' title="bbox 137 1289 1191 1373; baseline 0 -21"><span class='ocrx_word' id='word_1_77' title='bbox 137 1300 243 1371; x_wconf 89' lang='lat' dir='ltr'><strong>spectu</strong></span> <span class='ocrx_word' id='word_1_78' title='bbox 264 1301 457 1373; x_wconf 89' lang='lat' dir='ltr'><strong>ntrommque</strong></span> <span class='ocrx_word' id='word_1_79' title='bbox 480 1302 661 1363; x_wconf 89' lang='lat' dir='ltr'><strong>castrorum,</strong></span> <span class='ocrx_word' id='word_1_80' title='bbox 685 1310 762 1371; x_wconf 90' lang='lat' dir='ltr'><strong>quae</strong></span> <span class='ocrx_word' id='word_1_81' title='bbox 785 1291 824 1351; x_wconf 90' lang='lat' dir='ltr'><strong>ad</strong></span> <span class='ocrx_word' id='word_1_82' title='bbox 846 1291 927 1351; x_wconf 88' lang='lat' dir='ltr'><strong>vada</strong></span> <span class='ocrx_word' id='word_1_83' title='bbox 948 1289 1154 1368; x_wconf 85' lang='lat' dir='ltr'><strong>transitusque</strong></span> <span class='ocrx_word' id='word_1_84' title='bbox 1168 1315 1191 1352; x_wconf 84' lang='lat' dir='ltr'><strong>n</strong></span> 
     </span>
     <span class='ocr_line' id='line_1_13' title="bbox 135 1374 1154 1457; baseline -0.003 -19"><span class='ocrx_word' id='word_1_85' title='bbox 135 1379 249 1439; x_wconf 81' lang='lat' dir='ltr'><strong>debant</strong></span> <span class='ocrx_word' id='word_1_86' title='bbox 274 1377 402 1457; x_wconf 90' lang='lat' dir='ltr'><strong>paludis.</strong></span> <span class='ocrx_word' id='word_1_87' title='bbox 452 1374 522 1446; x_wconf 81' lang='lat' dir='ltr'><strong>Qua</strong></span> <span class='ocrx_word' id='word_1_88' title='bbox 548 1377 736 1439; x_wconf 85' lang='lat' dir='ltr'><strong>contentione</strong></span> <span class='ocrx_word' id='word_1_89' title='bbox 765 1375 924 1448; x_wconf 88' lang='lat' dir='ltr'><strong>Germani,</strong></span> <span class='ocrx_word' id='word_1_90' title='bbox 958 1394 1033 1456; x_wconf 91' lang='lat' dir='ltr'><strong>quos</strong></span> <span class='ocrx_word' id='word_1_91' title='bbox 1061 1394 1154 1454; x_wconf 93' lang='lat' dir='ltr'><strong>prop-</strong></span> 
     </span>
     <span class='ocr_line' id='line_1_14' title="bbox 136 1461 1154 1542; baseline -0.003 -18"><span class='ocrx_word' id='word_1_92' title='bbox 136 1474 222 1525; x_wconf 87' lang='lat' dir='ltr'><strong>terea</strong></span> <span class='ocrx_word' id='word_1_93' title='bbox 254 1463 367 1525; x_wconf 82' lang='lat' dir='ltr'><strong>Caesar</strong></span> <span class='ocrx_word' id='word_1_94' title='bbox 393 1465 607 1525; x_wconf 85' lang='lat' dir='ltr'><strong>transduxerat</strong></span> <span class='ocrx_word' id='word_1_95' title='bbox 632 1463 788 1535; x_wconf 86' lang='lat' dir='ltr'><strong>Rhenum,</strong></span> <span class='ocrx_word' id='word_1_96' title='bbox 822 1471 854 1523; x_wconf 90' lang='lat' dir='ltr'><strong>ut</strong></span> <span class='ocrx_word' id='word_1_97' title='bbox 882 1462 1032 1542; x_wconf 90' lang='lat' dir='ltr'><strong>equitibus</strong></span> <span class='ocrx_word' id='word_1_98' title='bbox 1059 1461 1154 1521; x_wconf 88' lang='lat' dir='ltr'><strong>inter-</strong></span> 
     </span>
     <span class='ocr_line' id='line_1_15' title="bbox 136 1546 1154 1630; baseline -0.004 -19"><span class='ocrx_word' id='word_1_99' title='bbox 136 1549 227 1630; x_wconf 89' lang='lat' dir='ltr'><strong>positi</strong></span> <span class='ocrx_word' id='word_1_100' title='bbox 259 1551 493 1629; x_wconf 89' lang='lat' dir='ltr'><strong>proeliarentnr,</strong></span> <span class='ocrx_word' id='word_1_101' title='bbox 527 1569 595 1610; x_wconf 91' lang='lat' dir='ltr'><strong>curn</strong></span> <span class='ocrx_word' id='word_1_102' title='bbox 628 1549 817 1610; x_wconf 89' lang='lat' dir='ltr'><strong>constantius</strong></span> <span class='ocrx_word' id='word_1_103' title='bbox 850 1549 985 1609; x_wconf 84' lang='lat' dir='ltr'><strong>universi</strong></span> <span class='ocrx_word' id='word_1_104' title='bbox 1012 1546 1154 1626; x_wconf 89' lang='lat' dir='ltr'><strong>paludem</strong></span> 
     </span>
     <span class='ocr_line' id='line_1_16' title="bbox 136 1633 1197 1715; baseline 0 -19"><span class='ocrx_word' id='word_1_105' title='bbox 136 1635 321 1698; x_wconf 88' lang='lat' dir='ltr'><strong>transissent</strong></span> <span class='ocrx_word' id='word_1_106' title='bbox 348 1636 507 1715; x_wconf 88' lang='lat' dir='ltr'><strong>paucisque</strong></span> <span class='ocrx_word' id='word_1_107' title='bbox 535 1636 566 1696; x_wconf 92' lang='lat' dir='ltr'><strong>in</strong></span> <span class='ocrx_word' id='word_1_108' title='bbox 593 1635 762 1696; x_wconf 91' lang='lat' dir='ltr'><strong>resistendo</strong></span> <span class='ocrx_word' id='word_1_109' title='bbox 784 1635 949 1695; x_wconf 86' lang='lat' dir='ltr'><strong>interfectis</strong></span> <span class='ocrx_word' id='word_1_110' title='bbox 972 1633 1154 1713; x_wconf 87' lang='lat' dir='ltr'><strong>pertinacius</strong></span> <span class='ocrx_word' id='word_1_111' title='bbox 1169 1659 1197 1696; x_wconf 81' lang='lat' dir='ltr'><strong>m</strong></span> 
     </span>
     <span class='ocr_line' id='line_1_17' title="bbox 136 1719 1155 1801; baseline -0.004 -18"><span class='ocrx_word' id='word_1_112' title='bbox 136 1721 282 1801; x_wconf 89' lang='lat' dir='ltr'><strong>reliquam</strong></span> <span class='ocrx_word' id='word_1_113' title='bbox 309 1721 529 1782; x_wconf 88' lang='lat' dir='ltr'><strong>multitudinem</strong></span> <span class='ocrx_word' id='word_1_114' title='bbox 551 1730 654 1782; x_wconf 89' lang='lat' dir='ltr'><strong>essent</strong></span> <span class='ocrx_word' id='word_1_115' title='bbox 674 1721 817 1794; x_wconf 90' lang='lat' dir='ltr'><strong>insecuti,</strong></span> <span class='ocrx_word' id='word_1_116' title='bbox 848 1719 999 1800; x_wconf 90' lang='lat' dir='ltr'><strong>perterriti</strong></span> <span class='ocrx_word' id='word_1_117' title='bbox 1021 1738 1081 1779; x_wconf 94' lang='lat' dir='ltr'><strong>non</strong></span> <span class='ocrx_word' id='word_1_118' title='bbox 1103 1738 1155 1780; x_wconf 91' lang='lat' dir='ltr'><strong>so-</strong></span> 
     </span>
     <span class='ocr_line' id='line_1_18' title="bbox 138 1804 1156 1887; baseline -0.003 -19"><span class='ocrx_word' id='word_1_119' title='bbox 138 1809 200 1868; x_wconf 91' lang='lat' dir='ltr'><strong>lum</strong></span> <span class='ocrx_word' id='word_1_120' title='bbox 223 1807 259 1878; x_wconf 90' lang='lat' dir='ltr'><strong>ii,</strong></span> <span class='ocrx_word' id='word_1_121' title='bbox 283 1808 333 1887; x_wconf 90' lang='lat' dir='ltr'><strong>qui</strong></span> <span class='ocrx_word' id='word_1_122' title='bbox 356 1816 410 1868; x_wconf 90' lang='lat' dir='ltr'><strong>aut</strong></span> <span class='ocrx_word' id='word_1_123' title='bbox 431 1807 595 1867; x_wconf 90' lang='lat' dir='ltr'><strong>comminus</strong></span> <span class='ocrx_word' id='word_1_124' title='bbox 618 1807 865 1887; x_wconf 89' lang='lat' dir='ltr'><strong>opprimebantur</strong></span> <span class='ocrx_word' id='word_1_125' title='bbox 885 1815 938 1867; x_wconf 91' lang='lat' dir='ltr'><strong>ant</strong></span> <span class='ocrx_word' id='word_1_126' title='bbox 958 1805 1072 1867; x_wconf 89' lang='lat' dir='ltr'><strong>eminus</strong></span> <span class='ocrx_word' id='word_1_127' title='bbox 1087 1804 1156 1866; x_wconf 86' lang='lat' dir='ltr'><strong>vul-</strong></span> 
     </span>
     <span class='ocr_line' id='line_1_19' title="bbox 139 1892 1155 1973; baseline -0.001 -20"><span class='ocrx_word' id='word_1_128' title='bbox 139 1892 330 1966; x_wconf 90' lang='lat' dir='ltr'><strong>nerabantur,</strong></span> <span class='ocrx_word' id='word_1_129' title='bbox 365 1893 419 1954; x_wconf 90' lang='lat' dir='ltr'><strong>sed</strong></span> <span class='ocrx_word' id='word_1_130' title='bbox 446 1893 537 1954; x_wconf 88' lang='lat' dir='ltr'><strong>etiam</strong></span> <span class='ocrx_word' id='word_1_131' title='bbox 565 1893 614 1973; x_wconf 89' lang='lat' dir='ltr'><strong>qui</strong></span> <span class='ocrx_word' id='word_1_132' title='bbox 640 1892 756 1972; x_wconf 90' lang='lat' dir='ltr'><strong>longius</strong></span> <span class='ocrx_word' id='word_1_133' title='bbox 780 1892 940 1953; x_wconf 89' lang='lat' dir='ltr'><strong>subsidiari</strong></span> <span class='ocrx_word' id='word_1_134' title='bbox 961 1900 1155 1967; x_wconf 87' lang='lat' dir='ltr'><strong>consuerant,</strong></span> 
     </span>
     <span class='ocr_line' id='line_1_20' title="bbox 138 1979 1156 2059; baseline -0.002 -19"><span class='ocrx_word' id='word_1_135' title='bbox 138 1979 269 2059; x_wconf 89' lang='lat' dir='ltr'><strong>turpiter</strong></span> <span class='ocrx_word' id='word_1_136' title='bbox 301 1979 473 2054; x_wconf 78' lang='lat' dir='ltr'><strong>refugerunt</strong></span> <span class='ocrx_word' id='word_1_137' title='bbox 498 1998 553 2040; x_wconf 92' lang='lat' dir='ltr'><strong>nec</strong></span> <span class='ocrx_word' id='word_1_138' title='bbox 580 1979 661 2059; x_wconf 87' lang='lat' dir='ltr'><strong>prius</strong></span> <span class='ocrx_word' id='word_1_139' title='bbox 689 1980 779 2040; x_wconf 87' lang='lat' dir='ltr'><strong>finem</strong></span> <span class='ocrx_word' id='word_1_140' title='bbox 800 1980 888 2058; x_wconf 80' lang='lat' dir='ltr'><strong>fugae</strong></span> <span class='ocrx_word' id='word_1_141' title='bbox 909 1980 1044 2040; x_wconf 85' lang='lat' dir='ltr'><strong>iecerunt</strong></span> <span class='ocrx_word' id='word_1_142' title='bbox 1065 1996 1156 2057; x_wconf 81' lang='lat' dir='ltr'><strong>saepe</strong></span> 
     </span>
     <span class='ocr_line' id='line_1_21' title="bbox 138 2064 1200 2146; baseline 0.002 -20"><span class='ocrx_word' id='word_1_143' title='bbox 138 2065 260 2126; x_wconf 90' lang='lat' dir='ltr'><strong>amissis</strong></span> <span class='ocrx_word' id='word_1_144' title='bbox 283 2065 486 2145; x_wconf 91' lang='lat' dir='ltr'><strong>superioribus</strong></span> <span class='ocrx_word' id='word_1_145' title='bbox 508 2064 598 2139; x_wconf 90' lang='lat' dir='ltr'><strong>locis,</strong></span> <span class='ocrx_word' id='word_1_146' title='bbox 622 2082 712 2146; x_wconf 85' lang='lat' dir='ltr'><strong>quam</strong></span> <span class='ocrx_word' id='word_1_147' title='bbox 735 2085 775 2126; x_wconf 61' lang='lat' dir='ltr'><strong>se&gt;</strong></span> <span class='ocrx_word' id='word_1_148' title='bbox 791 2075 844 2126; x_wconf 90' lang='lat' dir='ltr'><strong>ant</strong></span> <span class='ocrx_word' id='word_1_149' title='bbox 865 2064 897 2126; x_wconf 90' lang='lat' dir='ltr'><strong>in</strong></span> <span class='ocrx_word' id='word_1_150' title='bbox 919 2075 1021 2126; x_wconf 90' lang='lat' dir='ltr'><strong>castra</strong></span> <span class='ocrx_word' id='word_1_151' title='bbox 1036 2083 1156 2125; x_wconf 91' lang='lat' dir='ltr'><strong>sucrum</strong></span> <span class='ocrx_word' id='word_1_152' title='bbox 1169 2090 1200 2128; x_wconf 80' lang='lat' dir='ltr'><strong>rc</strong></span> 
     </span>
     <span class='ocr_line' id='line_1_22' title="bbox 139 2151 1156 2233; baseline -0.002 -21"><span class='ocrx_word' id='word_1_153' title='bbox 139 2152 305 2231; x_wconf 87' lang='lat' dir='ltr'><strong>reciperent</strong></span> <span class='ocrx_word' id='word_1_154' title='bbox 330 2159 383 2213; x_wconf 89' lang='lat' dir='ltr'><strong>aut</strong></span> <span class='ocrx_word' id='word_1_155' title='bbox 410 2151 545 2213; x_wconf 90' lang='lat' dir='ltr'><strong>nonnulli</strong></span> <span class='ocrx_word' id='word_1_156' title='bbox 567 2153 680 2231; x_wconf 90' lang='lat' dir='ltr'><strong>pudore</strong></span> <span class='ocrx_word' id='word_1_157' title='bbox 703 2151 798 2213; x_wconf 89' lang='lat' dir='ltr'><strong>coacti</strong></span> <span class='ocrx_word' id='word_1_158' title='bbox 819 2151 936 2233; x_wconf 88' lang='lat' dir='ltr'><strong>longius</strong></span> <span class='ocrx_word' id='word_1_159' title='bbox 959 2152 1156 2231; x_wconf 84' lang='lat' dir='ltr'><strong>profugerent.</strong></span> 
     </span>
     <span class='ocr_line' id='line_1_23' title="bbox 139 2235 1158 2318; baseline 0 -20"><span class='ocrx_word' id='word_1_160' title='bbox 139 2235 275 2306; x_wconf 78' lang='lat' dir='ltr'><strong>Quorum</strong></span> <span class='ocrx_word' id='word_1_161' title='bbox 302 2237 432 2318; x_wconf 89' lang='lat' dir='ltr'><strong>periculo</strong></span> <span class='ocrx_word' id='word_1_162' title='bbox 460 2237 504 2300; x_wconf 90' lang='lat' dir='ltr'><strong>sic</strong></span> <span class='ocrx_word' id='word_1_163' title='bbox 531 2257 635 2299; x_wconf 89' lang='lat' dir='ltr'><strong>omnes</strong></span> <span class='ocrx_word' id='word_1_164' title='bbox 662 2238 765 2317; x_wconf 92' lang='lat' dir='ltr'><strong>copiae</strong></span> <span class='ocrx_word' id='word_1_165' title='bbox 788 2246 860 2300; x_wconf 90' lang='lat' dir='ltr'><strong>sunt</strong></span> <span class='ocrx_word' id='word_1_166' title='bbox 881 2239 1090 2318; x_wconf 87' lang='lat' dir='ltr'><strong>perturbatae,</strong></span> <span class='ocrx_word' id='word_1_167' title='bbox 1123 2245 1158 2298; x_wconf 93' lang='lat' dir='ltr'><strong>ut</strong></span> 
     </span>
     <span class='ocr_line' id='line_1_24' title="bbox 140 2322 1157 2404; baseline 0 -20"><span class='ocrx_word' id='word_1_168' title='bbox 140 2324 191 2384; x_wconf 83' lang='lat' dir='ltr'><strong>vix</strong></span> <span class='ocrx_word' id='word_1_169' title='bbox 212 2324 336 2386; x_wconf 88' lang='lat' dir='ltr'><strong>iudicari</strong></span> <span class='ocrx_word' id='word_1_170' title='bbox 357 2333 477 2404; x_wconf 85' lang='lat' dir='ltr'><strong>posset,</strong></span> <span class='ocrx_word' id='word_1_171' title='bbox 506 2334 605 2386; x_wconf 88' lang='lat' dir='ltr'><strong>utrum</strong></span> <span class='ocrx_word' id='word_1_172' title='bbox 627 2324 764 2386; x_wconf 89' lang='lat' dir='ltr'><strong>secundis</strong></span> <span class='ocrx_word' id='word_1_173' title='bbox 787 2324 976 2404; x_wconf 91' lang='lat' dir='ltr'><strong>minimisque</strong></span> <span class='ocrx_word' id='word_1_174' title='bbox 999 2325 1088 2385; x_wconf 89' lang='lat' dir='ltr'><strong>rebus</strong></span> <span class='ocrx_word' id='word_1_175' title='bbox 1108 2322 1157 2384; x_wconf 93' lang='lat' dir='ltr'><strong>in·</strong></span> 
     </span>
     <span class='ocr_line' id='line_1_25' title="bbox 140 2411 1109 2473; baseline -0.003 -1"><span class='ocrx_word' id='word_1_176' title='bbox 140 2411 317 2472; x_wconf 88' lang='lat' dir='ltr'><strong>solentiores</strong></span> <span class='ocrx_word' id='word_1_177' title='bbox 340 2431 379 2473; x_wconf 88' lang='lat' dir='ltr'><strong>an</strong></span> <span class='ocrx_word' id='word_1_178' title='bbox 402 2412 530 2473; x_wconf 85' lang='lat' dir='ltr'><strong>adverso</strong></span> <span class='ocrx_word' id='word_1_179' title='bbox 554 2411 693 2472; x_wconf 89' lang='lat' dir='ltr'><strong>mediocri</strong></span> <span class='ocrx_word' id='word_1_180' title='bbox 715 2431 792 2472; x_wconf 40' lang='lat' dir='ltr'><strong>casu*</strong></span> <span class='ocrx_word' id='word_1_181' title='bbox 809 2411 974 2473; x_wconf 89' lang='lat' dir='ltr'><strong>timidiores</strong></span> <span class='ocrx_word' id='word_1_182' title='bbox 998 2417 1109 2470; x_wconf 80' lang='lat' dir='ltr'><strong>essent.</strong></span> 
     </span>
    </p>

    <p class='ocr_par' dir='ltr' id='par_1_4' title="bbox 139 2496 1208 4042">
     <span class='ocr_line' id='line_1_26' title="bbox 204 2496 1201 2578; baseline -0.006 -20"><span class='ocrx_word' id='word_1_183' title='bbox 204 2497 413 2578; x_wconf 83' lang='lat' dir='ltr'><strong>Compluribus</strong></span> <span class='ocrx_word' id='word_1_184' title='bbox 441 2499 546 2560; x_wconf 87' lang='lat' dir='ltr'><strong>diebus</strong></span> <span class='ocrx_word' id='word_1_185' title='bbox 571 2497 678 2559; x_wconf 88' lang='lat' dir='ltr'><strong>iisdem</strong></span> <span class='ocrx_word' id='word_1_186' title='bbox 700 2497 732 2560; x_wconf 92' lang='lat' dir='ltr'><strong>in</strong></span> <span class='ocrx_word' id='word_1_187' title='bbox 755 2498 862 2559; x_wconf 88' lang='lat' dir='ltr'><strong>castris</strong></span> <span class='ocrx_word' id='word_1_188' title='bbox 884 2496 1068 2575; x_wconf 86' lang='lat' dir='ltr'><strong>consumptis</strong></span> <span class='ocrx_word' id='word_1_189' title='bbox 1091 2513 1157 2556; x_wconf 92' lang='lat' dir='ltr'><strong>cum</strong></span> <span class='ocrx_word' id='word_1_190' title='bbox 1168 2502 1201 2552; x_wconf 82' lang='lat'><strong>14</strong></span> 
     </span>
     <span class='ocr_line' id='line_1_27' title="bbox 139 2582 1200 2664; baseline 0.002 -21"><span class='ocrx_word' id='word_1_191' title='bbox 139 2583 261 2663; x_wconf 89' lang='lat' dir='ltr'><strong>propius</strong></span> <span class='ocrx_word' id='word_1_192' title='bbox 284 2584 447 2646; x_wconf 88' lang='lat' dir='ltr'><strong>accessisse</strong></span> <span class='ocrx_word' id='word_1_193' title='bbox 472 2583 604 2664; x_wconf 81' lang='lat' dir='ltr'><strong>legiones</strong></span> <span class='ocrx_word' id='word_1_194' title='bbox 628 2594 659 2645; x_wconf 87' lang='lat' dir='ltr'><strong>et</strong></span> <span class='ocrx_word' id='word_1_195' title='bbox 686 2582 797 2645; x_wconf 84' lang='lat' dir='ltr'><strong>Gaium</strong></span> <span class='ocrx_word' id='word_1_196' title='bbox 820 2583 1003 2645; x_wconf 85' lang='lat' dir='ltr'><strong>Trebonium</strong></span> <span class='ocrx_word' id='word_1_197' title='bbox 1026 2582 1200 2662; x_wconf 69' lang='lat' dir='ltr'><strong>legatumne</strong></span> 
     </span>
     <span class='ocr_line' id='line_1_28' title="bbox 140 2668 1157 2748; baseline -0.002 -17"><span class='ocrx_word' id='word_1_198' title='bbox 140 2670 365 2748; x_wconf 83' lang='lat' dir='ltr'><strong>cognovissent,</strong></span> <span class='ocrx_word' id='word_1_199' title='bbox 388 2671 479 2732; x_wconf 91' lang='lat' dir='ltr'><strong>duces</strong></span> <span class='ocrx_word' id='word_1_200' title='bbox 501 2670 728 2732; x_wconf 87' lang='lat' dir='ltr'><strong>Bellovacomm</strong></span> <span class='ocrx_word' id='word_1_201' title='bbox 751 2670 838 2731; x_wconf 89' lang='lat' dir='ltr'><strong>veriti</strong></span> <span class='ocrx_word' id='word_1_202' title='bbox 861 2670 988 2731; x_wconf 90' lang='lat' dir='ltr'><strong>similem</strong></span> <span class='ocrx_word' id='word_1_203' title='bbox 1005 2668 1157 2731; x_wconf 89' lang='lat' dir='ltr'><strong>obsessio-</strong></span> 
     </span>
     <span class='ocr_line' id='line_1_29' title="bbox 141 2753 1160 2835; baseline -0.001 -20"><span class='ocrx_word' id='word_1_204' title='bbox 141 2773 209 2816; x_wconf 92' lang='lat' dir='ltr'><strong>nem</strong></span> <span class='ocrx_word' id='word_1_205' title='bbox 242 2753 367 2816; x_wconf 89' lang='lat' dir='ltr'><strong>Alesiae</strong></span> <span class='ocrx_word' id='word_1_206' title='bbox 399 2765 490 2817; x_wconf 92' lang='lat' dir='ltr'><strong>noctu</strong></span> <span class='ocrx_word' id='word_1_207' title='bbox 517 2756 673 2817; x_wconf 91' lang='lat' dir='ltr'><strong>dimittunt</strong></span> <span class='ocrx_word' id='word_1_208' title='bbox 700 2775 766 2827; x_wconf 90' lang='lat' dir='ltr'><strong>eos,</strong></span> <span class='ocrx_word' id='word_1_209' title='bbox 801 2774 876 2835; x_wconf 90' lang='lat' dir='ltr'><strong>quos</strong></span> <span class='ocrx_word' id='word_1_210' title='bbox 904 2759 957 2817; x_wconf 86' lang='lat' dir='ltr'><strong>aut</strong></span> <span class='ocrx_word' id='word_1_211' title='bbox 984 2762 1084 2816; x_wconf 86' lang='lat' dir='ltr'><strong>aetate</strong></span> <span class='ocrx_word' id='word_1_212' title='bbox 1107 2763 1160 2816; x_wconf 88' lang='lat' dir='ltr'><strong>aut</strong></span> 
     </span>
     <span class='ocr_line' id='line_1_30' title="bbox 140 2839 1160 2921; baseline 0.001 -21"><span class='ocrx_word' id='word_1_213' title='bbox 140 2840 256 2900; x_wconf 85' lang='lat' dir='ltr'><strong>viribus</strong></span> <span class='ocrx_word' id='word_1_214' title='bbox 283 2839 437 2902; x_wconf 82' lang='lat' dir='ltr'><strong>inferiores</strong></span> <span class='ocrx_word' id='word_1_215' title='bbox 465 2849 520 2902; x_wconf 91' lang='lat' dir='ltr'><strong>aut</strong></span> <span class='ocrx_word' id='word_1_216' title='bbox 544 2842 674 2903; x_wconf 90' lang='lat' dir='ltr'><strong>inermes</strong></span> <span class='ocrx_word' id='word_1_217' title='bbox 701 2842 869 2914; x_wconf 87' lang='lat' dir='ltr'><strong>habebant,</strong></span> <span class='ocrx_word' id='word_1_218' title='bbox 904 2860 1023 2921; x_wconf 88' lang='lat' dir='ltr'><strong>unaque</strong></span> <span class='ocrx_word' id='word_1_219' title='bbox 1045 2841 1160 2920; x_wconf 90' lang='lat' dir='ltr'><strong>reliqua</strong></span> 
     </span>
     <span class='ocr_line' id='line_1_31' title="bbox 141 2925 1203 3007; baseline 0.001 -20"><span class='ocrx_word' id='word_1_220' title='bbox 141 2925 371 3003; x_wconf 82' lang='lat' dir='ltr'><strong>impedimenta3</strong></span> <span class='ocrx_word' id='word_1_221' title='bbox 399 2944 522 3006; x_wconf 87' lang='lat' dir='ltr'><strong>quorum</strong></span> <span class='ocrx_word' id='word_1_222' title='bbox 548 2929 758 3007; x_wconf 88' lang='lat' dir='ltr'><strong>perturbatum</strong></span> <span class='ocrx_word' id='word_1_223' title='bbox 780 2936 811 2987; x_wconf 91' lang='lat' dir='ltr'><strong>et</strong></span> <span class='ocrx_word' id='word_1_224' title='bbox 832 2927 987 2988; x_wconf 86' lang='lat' dir='ltr'><strong>confusum</strong></span> <span class='ocrx_word' id='word_1_225' title='bbox 1011 2927 1082 2988; x_wconf 89' lang='lat' dir='ltr'><strong>dum</strong></span> <span class='ocrx_word' id='word_1_226' title='bbox 1105 2945 1160 2988; x_wconf 87' lang='lat' dir='ltr'><strong>ex·-</strong></span> <span class='ocrx_word' id='word_1_227' title='bbox 1173 2951 1203 2997; x_wconf 72' lang='lat' dir='ltr'><strong>so</strong></span> 
     </span>
     <span class='ocr_line' id='line_1_32' title="bbox 141 3009 1161 3092; baseline 0.001 -21"><span class='ocrx_word' id='word_1_228' title='bbox 141 3011 257 3091; x_wconf 89' lang='lat' dir='ltr'><strong>plicant</strong></span> <span class='ocrx_word' id='word_1_229' title='bbox 290 3029 395 3091; x_wconf 81' lang='lat' dir='ltr'><strong>agmen</strong></span> <span class='ocrx_word' id='word_1_230' title='bbox 430 3009 556 3092; x_wconf 88' lang='lat' dir='ltr'><strong>(magna</strong></span> <span class='ocrx_word' id='word_1_231' title='bbox 589 3012 668 3073; x_wconf 92' lang='lat' dir='ltr'><strong>enim</strong></span> <span class='ocrx_word' id='word_1_232' title='bbox 696 3012 855 3074; x_wconf 90' lang='lat' dir='ltr'><strong>multitudo</strong></span> <span class='ocrx_word' id='word_1_233' title='bbox 884 3031 1036 3074; x_wconf 90' lang='lat' dir='ltr'><strong>carrorum</strong></span> <span class='ocrx_word' id='word_1_234' title='bbox 1069 3012 1161 3073; x_wconf 91' lang='lat' dir='ltr'><strong>etiam</strong></span> 
     </span>
     <span class='ocr_line' id='line_1_33' title="bbox 144 3096 1160 3180; baseline 0 -22"><span class='ocrx_word' id='word_1_235' title='bbox 144 3097 298 3176; x_wconf 88' lang='lat' dir='ltr'><strong>expeditos</strong></span> <span class='ocrx_word' id='word_1_236' title='bbox 332 3098 416 3177; x_wconf 89' lang='lat' dir='ltr'><strong>sequi</strong></span> <span class='ocrx_word' id='word_1_237' title='bbox 449 3096 556 3159; x_wconf 87' lang='lat' dir='ltr'><strong>Gallos</strong></span> <span class='ocrx_word' id='word_1_238' title='bbox 584 3097 766 3180; x_wconf 84' lang='lat' dir='ltr'><strong>consuevit),</strong></span> <span class='ocrx_word' id='word_1_239' title='bbox 802 3098 938 3178; x_wconf 88' lang='lat' dir='ltr'><strong>oppressi</strong></span> <span class='ocrx_word' id='word_1_240' title='bbox 966 3099 1030 3159; x_wconf 94' lang='lat' dir='ltr'><strong>luce</strong></span> <span class='ocrx_word' id='word_1_241' title='bbox 1057 3098 1160 3177; x_wconf 90' lang='lat' dir='ltr'><strong>copias</strong></span> 
     </span>
     <span class='ocr_line' id='line_1_34' title="bbox 143 3182 1162 3264; baseline -0.001 -19"><span class='ocrx_word' id='word_1_242' title='bbox 143 3193 328 3245; x_wconf 89' lang='lat' dir='ltr'><strong>armatorum</strong></span> <span class='ocrx_word' id='word_1_243' title='bbox 362 3203 399 3245; x_wconf 86' lang='lat' dir='ltr'><strong>ex</strong></span> <span class='ocrx_word' id='word_1_244' title='bbox 432 3182 495 3244; x_wconf 92' lang='lat' dir='ltr'><strong>suis</strong></span> <span class='ocrx_word' id='word_1_245' title='bbox 522 3182 676 3244; x_wconf 89' lang='lat' dir='ltr'><strong>instruunt</strong></span> <span class='ocrx_word' id='word_1_246' title='bbox 698 3184 825 3256; x_wconf 89' lang='lat' dir='ltr'><strong>castris,</strong></span> <span class='ocrx_word' id='word_1_247' title='bbox 859 3203 898 3245; x_wconf 91' lang='lat' dir='ltr'><strong>ne</strong></span> <span class='ocrx_word' id='word_1_248' title='bbox 924 3184 1008 3264; x_wconf 91' lang='lat' dir='ltr'><strong>prius</strong></span> <span class='ocrx_word' id='word_1_249' title='bbox 1029 3183 1162 3245; x_wconf 87' lang='lat' dir='ltr'><strong>Romani</strong></span> 
     </span>
     <span class='ocr_line' id='line_1_35' title="bbox 141 3268 1161 3351; baseline -0.003 -19"><span class='ocrx_word' id='word_1_250' title='bbox 141 3270 282 3351; x_wconf 88' lang='lat' dir='ltr'><strong>persequi</strong></span> <span class='ocrx_word' id='word_1_251' title='bbox 310 3290 342 3331; x_wconf 92' lang='lat' dir='ltr'><strong>se</strong></span> <span class='ocrx_word' id='word_1_252' title='bbox 369 3269 550 3350; x_wconf 87' lang='lat' dir='ltr'><strong>inciperent,</strong></span> <span class='ocrx_word' id='word_1_253' title='bbox 580 3288 671 3349; x_wconf 90' lang='lat' dir='ltr'><strong>quarn</strong></span> <span class='ocrx_word' id='word_1_254' title='bbox 693 3269 810 3349; x_wconf 89' lang='lat' dir='ltr'><strong>longius</strong></span> <span class='ocrx_word' id='word_1_255' title='bbox 833 3288 940 3350; x_wconf 88' lang='lat' dir='ltr'><strong>agmen</strong></span> <span class='ocrx_word' id='word_1_256' title='bbox 962 3268 1161 3349; x_wconf 90' lang='lat' dir='ltr'><strong>impedimen-</strong></span> 
     </span>
     <span class='ocr_line' id='line_1_36' title="bbox 142 3354 1205 3437; baseline 0 -19"><span class='ocrx_word' id='word_1_257' title='bbox 142 3367 242 3419; x_wconf 90' lang='lat' dir='ltr'><strong>torum</strong></span> <span class='ocrx_word' id='word_1_258' title='bbox 265 3376 386 3419; x_wconf 88' lang='lat' dir='ltr'><strong>suorum</strong></span> <span class='ocrx_word' id='word_1_259' title='bbox 408 3356 613 3437; x_wconf 90' lang='lat' dir='ltr'><strong>processisset.</strong></span> <span class='ocrx_word' id='word_1_260' title='bbox 657 3354 704 3416; x_wconf 89' lang='lat' dir='ltr'><strong>At</strong></span> <span class='ocrx_word' id='word_1_261' title='bbox 729 3354 843 3417; x_wconf 84' lang='lat' dir='ltr'><strong>Caesar</strong></span> <span class='ocrx_word' id='word_1_262' title='bbox 869 3374 964 3436; x_wconf 92' lang='lat' dir='ltr'><strong>neque</strong></span> <span class='ocrx_word' id='word_1_263' title='bbox 986 3355 1162 3417; x_wconf 91' lang='lat' dir='ltr'><strong>resistentes</strong></span> <span class='ocrx_word' id='word_1_264' title='bbox 1176 3378 1205 3418; x_wconf 80' lang='lat' dir='ltr'><strong>ss</strong></span> 
     </span>
     <span class='ocr_line' id='line_1_37' title="bbox 145 3441 1162 3524; baseline -0.002 -20"><span class='ocrx_word' id='word_1_265' title='bbox 145 3443 366 3524; x_wconf 89' lang='lat' dir='ltr'><strong>adgrediundos</strong></span> <span class='ocrx_word' id='word_1_266' title='bbox 399 3451 486 3505; x_wconf 88' lang='lat' dir='ltr'><strong>tanto</strong></span> <span class='ocrx_word' id='word_1_267' title='bbox 518 3442 603 3504; x_wconf 92' lang='lat' dir='ltr'><strong>collis</strong></span> <span class='ocrx_word' id='word_1_268' title='bbox 638 3461 765 3504; x_wconf 87' lang='lat' dir='ltr'><strong>ascensu</strong></span> <span class='ocrx_word' id='word_1_269' title='bbox 798 3441 952 3503; x_wconf 88' lang='lat' dir='ltr'><strong>iudicabat</strong></span> <span class='ocrx_word' id='word_1_270' title='bbox 979 3460 1074 3521; x_wconf 88' lang='lat' dir='ltr'><strong>neque</strong></span> <span class='ocrx_word' id='word_1_271' title='bbox 1102 3459 1162 3502; x_wconf 93' lang='lat' dir='ltr'><strong>non</strong></span> 
     </span>
     <span class='ocr_line' id='line_1_38' title="bbox 143 3527 1162 3610; baseline -0.003 -18"><span class='ocrx_word' id='word_1_272' title='bbox 143 3549 237 3610; x_wconf 92' lang='lat' dir='ltr'><strong>usque</strong></span> <span class='ocrx_word' id='word_1_273' title='bbox 260 3549 294 3591; x_wconf 91' lang='lat' dir='ltr'><strong>eo</strong></span> <span class='ocrx_word' id='word_1_274' title='bbox 317 3529 450 3609; x_wconf 90' lang='lat' dir='ltr'><strong>legiones</strong></span> <span class='ocrx_word' id='word_1_275' title='bbox 473 3531 693 3604; x_wconf 89' lang='lat' dir='ltr'><strong>admovendas,</strong></span> <span class='ocrx_word' id='word_1_276' title='bbox 728 3536 763 3589; x_wconf 91' lang='lat' dir='ltr'><strong>ut</strong></span> <span class='ocrx_word' id='word_1_277' title='bbox 789 3528 941 3589; x_wconf 90' lang='lat' dir='ltr'><strong>discedere</strong></span> <span class='ocrx_word' id='word_1_278' title='bbox 970 3546 1006 3589; x_wconf 82' lang='lat' dir='ltr'><strong>ex</strong></span> <span class='ocrx_word' id='word_1_279' title='bbox 1034 3547 1069 3588; x_wconf 91' lang='lat' dir='ltr'><strong>eo</strong></span> <span class='ocrx_word' id='word_1_280' title='bbox 1098 3527 1162 3589; x_wconf 90' lang='lat' dir='ltr'><strong>loco</strong></span> 
     </span>
     <span class='ocr_line' id='line_1_39' title="bbox 145 3614 1162 3696; baseline -0.002 -18"><span class='ocrx_word' id='word_1_281' title='bbox 145 3617 209 3678; x_wconf 90' lang='lat' dir='ltr'><strong>sine</strong></span> <span class='ocrx_word' id='word_1_282' title='bbox 242 3615 371 3696; x_wconf 90' lang='lat' dir='ltr'><strong>periculo</strong></span> <span class='ocrx_word' id='word_1_283' title='bbox 404 3616 527 3678; x_wconf 91' lang='lat' dir='ltr'><strong>barbari</strong></span> <span class='ocrx_word' id='word_1_284' title='bbox 558 3615 700 3677; x_wconf 90' lang='lat' dir='ltr'><strong>militibus</strong></span> <span class='ocrx_word' id='word_1_285' title='bbox 728 3614 912 3676; x_wconf 90' lang='lat' dir='ltr'><strong>instantibus</strong></span> <span class='ocrx_word' id='word_1_286' title='bbox 929 3633 1000 3675; x_wconf 85' lang='lat' dir='ltr'><strong>non</strong></span> <span class='ocrx_word' id='word_1_287' title='bbox 1028 3622 1162 3693; x_wconf 89' lang='lat' dir='ltr'><strong>possent.</strong></span> 
     </span>
     <span class='ocr_line' id='line_1_40' title="bbox 143 3700 1162 3782; baseline -0.001 -19"><span class='ocrx_word' id='word_1_288' title='bbox 143 3704 208 3776; x_wconf 86' lang='lat' dir='ltr'><strong>lta,</strong></span> <span class='ocrx_word' id='word_1_289' title='bbox 231 3721 297 3763; x_wconf 91' lang='lat' dir='ltr'><strong>cum</strong></span> <span class='ocrx_word' id='word_1_290' title='bbox 320 3702 429 3781; x_wconf 90' lang='lat' dir='ltr'><strong>palude</strong></span> <span class='ocrx_word' id='word_1_291' title='bbox 452 3701 637 3782; x_wconf 83' lang='lat' dir='ltr'><strong>impeditas</strong></span> <span class='ocrx_word' id='word_1_292' title='bbox 659 3701 767 3762; x_wconf 89' lang='lat' dir='ltr'><strong>castris</strong></span> <span class='ocrx_word' id='word_1_293' title='bbox 791 3709 893 3762; x_wconf 88' lang='lat' dir='ltr'><strong>castra</strong></span> <span class='ocrx_word' id='word_1_294' title='bbox 914 3700 1008 3763; x_wconf 88' lang='lat' dir='ltr'><strong>dividi</strong></span> <span class='ocrx_word' id='word_1_295' title='bbox 1029 3700 1162 3773; x_wconf 84' lang='lat' dir='ltr'><strong>videret,</strong></span> 
     </span>
     <span class='ocr_line' id='line_1_41' title="bbox 146 3787 1208 3869; baseline 0.001 -20"><span class='ocrx_word' id='word_1_296' title='bbox 146 3808 222 3869; x_wconf 90' lang='lat' dir='ltr'><strong>quae</strong></span> <span class='ocrx_word' id='word_1_297' title='bbox 250 3789 426 3851; x_wconf 88' lang='lat' dir='ltr'><strong>transeundi</strong></span> <span class='ocrx_word' id='word_1_298' title='bbox 454 3788 615 3850; x_wconf 87' lang='lat' dir='ltr'><strong>difficultas</strong></span> <span class='ocrx_word' id='word_1_299' title='bbox 638 3788 822 3849; x_wconf 85' lang='lat' dir='ltr'><strong>celeritatem</strong></span> <span class='ocrx_word' id='word_1_300' title='bbox 844 3787 1020 3867; x_wconf 88' lang='lat' dir='ltr'><strong>insequendi</strong></span> <span class='ocrx_word' id='word_1_301' title='bbox 1043 3788 1208 3850; x_wconf 84' lang='lat' dir='ltr'><strong>tardarem</strong></span> 
     </span>
     <span class='ocr_line' id='line_1_42' title="bbox 145 3873 1165 3956; baseline 0 -21"><span class='ocrx_word' id='word_1_302' title='bbox 145 3884 264 3953; x_wconf 91' lang='lat' dir='ltr'><strong>posset,</strong></span> <span class='ocrx_word' id='word_1_303' title='bbox 293 3884 383 3956; x_wconf 88' lang='lat' dir='ltr'><strong>atque</strong></span> <span class='ocrx_word' id='word_1_304' title='bbox 410 3876 441 3936; x_wconf 95' lang='lat' dir='ltr'><strong>id</strong></span> <span class='ocrx_word' id='word_1_305' title='bbox 468 3875 584 3955; x_wconf 91' lang='lat' dir='ltr'><strong>iugum,</strong></span> <span class='ocrx_word' id='word_1_306' title='bbox 620 3876 699 3954; x_wconf 92' lang='lat' dir='ltr'><strong>quod</strong></span> <span class='ocrx_word' id='word_1_307' title='bbox 725 3883 810 3935; x_wconf 87' lang='lat' dir='ltr'><strong>trans</strong></span> <span class='ocrx_word' id='word_1_308' title='bbox 838 3873 977 3952; x_wconf 89' lang='lat' dir='ltr'><strong>paludem</strong></span> <span class='ocrx_word' id='word_1_309' title='bbox 1005 3892 1100 3952; x_wconf 90' lang='lat' dir='ltr'><strong>paene</strong></span> <span class='ocrx_word' id='word_1_310' title='bbox 1125 3874 1165 3935; x_wconf 86' lang='lat' dir='ltr'><strong>ad</strong></span> 
     </span>
     <span class='ocr_line' id='line_1_43' title="bbox 146 3959 1165 4042; baseline 0 -21"><span class='ocrx_word' id='word_1_311' title='bbox 146 3960 278 4022; x_wconf 86' lang='lat' dir='ltr'><strong>bostium</strong></span> <span class='ocrx_word' id='word_1_312' title='bbox 302 3971 405 4024; x_wconf 88' lang='lat' dir='ltr'><strong>castra</strong></span> <span class='ocrx_word' id='word_1_313' title='bbox 426 3961 605 4042; x_wconf 85' lang='lat' dir='ltr'><strong>pertineret,</strong></span> <span class='ocrx_word' id='word_1_314' title='bbox 627 3961 768 4023; x_wconf 89' lang='lat' dir='ltr'><strong>mediocri</strong></span> <span class='ocrx_word' id='word_1_315' title='bbox 789 3959 870 4022; x_wconf 84' lang='lat' dir='ltr'><strong>valle</strong></span> <span class='ocrx_word' id='word_1_316' title='bbox 891 3979 910 4021; x_wconf 89' lang='lat' dir='ltr'><strong>a</strong></span> <span class='ocrx_word' id='word_1_317' title='bbox 932 3959 1039 4022; x_wconf 89' lang='lat' dir='ltr'><strong>castris</strong></span> <span class='ocrx_word' id='word_1_318' title='bbox 1062 3979 1165 4022; x_wconf 88' lang='lat' dir='ltr'><strong>eorum</strong></span> 
     </span>
    </p>
   </div>
   <div class='ocr_carea' id='block_1_3' title="bbox 0 0 1329 4492">
    <p class='ocr_par' dir='ltr' id='par_1_5' title="bbox 0 0 1329 4492">
     <span class='ocr_line' id='line_1_44' title="bbox 0 0 1329 4492; baseline 0 0"><span class='ocrx_word' id='word_1_319' title='bbox 0 0 1329 4492; x_wconf 95' lang='lat' dir='ltr'><strong> </strong></span> 
     </span>
    </p>
   </div>
  </div>
 </body>
</html>
