2616 4492
203 278 246 343 26
533 292 581 340 nn
603 291 722 340 anano
745 289 900 339 esnnrco

203 433 293 515 pulsa
314 440 405 513 atque
425 431 458 494 in
478 432 581 512 fugam
604 450 751 494 conversa
772 441 868 508 esset,
894 453 914 495 a
935 433 1040 496 dextro
1057 448 1150 493 cornu
1171 449 1228 492 ve-

204 521 359 582 hementer
385 518 577 579 multitudine
605 536 727 580 snorum
755 528 891 581 nostram
918 519 1014 581 aciem
1039 516 1227 599 premebant

205 606 242 668 Id
264 625 330 668 cum
354 604 620 666 animadvertisset
640 604 676 667 P.
699 603 829 666 crassus
855 605 1047 677 adolescens,
1071 602 1122 684 qui
1139 603 1227 684 equi-

205 693 285 755 tatui
311 700 467 772 praeerat,
501 691 580 770 quod
608 691 774 770 expeditior
801 700 875 753 erat¹
896 712 985 773 quam
1012 692 1048 765 ii,
1078 689 1128 770 qui
1149 690 1230 752 inter

176 796 190 835 a
207 779 300 841 aciem
319 778 532 850 versabantur,
555 778 675 838 tertiam
692 777 785 838 aciem
801 778 1009 840 laborantibus
1024 776 1137 838 nostris
1153 777 1228 838 sub-

163 873 198 925 53
207 866 283 927 sidio
317 864 408 925 misit
457 863 507 924 Ita
528 863 674 943 proelium
707 864 881 926 restitutum
909 873 971 939 est,
1006 873 1097 944 atque
1123 881 1229 924 omnes

206 952 311 1013 hostes
344 960 430 1028 terga
461 959 618 1011 verterunt
650 969 746 1030 neque
778 947 863 1029 prius
895 953 997 1032 fugere
1030 949 1229 1022 destiterunt,

208 1057 299 1118 qnam
328 1037 368 1098 ad
394 1037 505 1122 flumen
527 1036 667 1107 Rhenum
690 1035 773 1097 milia
794 1056 939 1116 passuum
963 1057 1001 1098 ex
1022 1056 1057 1098 eo
1079 1036 1144 1097 loco
1166 1035 1228 1097 cir-

209 1121 291 1185 citer¹
304 1123 435 1206 quinque
455 1131 666 1202 pervenerunt.
710 1123 756 1184 Ibi
778 1123 920 1202 perpauci
942 1133 996 1184 ant
1017 1123 1132 1184 viribus
1151 1140 1231 1183 con-

170 1223 195 1263 ιθ
208 1210 257 1271 lisi
284 1218 407 1270 tranare
434 1207 651 1271 contenderunt
673 1217 727 1269 aut
748 1209 887 1271 lintribus
910 1210 1039 1271 inventis
1063 1208 1121 1271 sibi
1143 1207 1228 1269 salu-

207 1303 270 1358 tem
297 1303 500 1375 reppererunt.
544 1295 581 1356 In
606 1295 656 1356 his
677 1296 734 1356 luit
755 1295 947 1369 Ariovistus,
981 1296 1032 1375 qui
1058 1294 1228 1357 naviculam

204 1382 375 1461 deligatam
403 1382 442 1444 ad
465 1382 562 1461 ripam
584 1391 691 1443 nactus
713 1401 750 1442 ea
772 1382 911 1463 profugit.
956 1382 1101 1462 Reliquos
1125 1398 1228 1442 omnes

209 1469 345 1549 equitatu
367 1469 518 1530 consecuti
533 1468 630 1529 nostri
644 1469 865 1530 interfecerunt.
899 1469 987 1530 Duae
1000 1470 1121 1530 fuerunt
1134 1467 1228 1528 Ario·

175 1588 177 1591 ·
208 1555 281 1616 visti
314 1574 439 1627 uxores,
479 1574 540 1616 una
573 1554 675 1616 Saeva
708 1555 845 1627 natione,
884 1573 973 1634 quam
1007 1555 1095 1616 domo
1129 1571 1228 1615 secum

171 1667 195 1704 rs
209 1643 352 1715 duxerat,
382 1641 480 1703 altera
506 1639 633 1715 Norica,
667 1641 750 1721 regis·
769 1640 930 1703 Voccionis
954 1660 1050 1715 soror,
1084 1659 1175 1720 quam
1194 1638 1227 1700 in

210 1727 314 1790 Gallia
336 1728 463 1788 duxerat
485 1746 504 1787 a
525 1728 618 1788 fratre
640 1726 779 1788 missam:
804 1735 948 1806 utraeque
970 1727 1002 1787 in
1024 1746 1060 1788 ea
1074 1727 1145 1807 iuga
1159 1744 1228 1806 per-

208 1814 316 1877 ierunt
371 1815 458 1874 Duae
486 1812 566 1874 filiae
592 1813 715 1886 harum,
745 1812 840 1875 altera
867 1813 981 1886 occisa,
1016 1813 1112 1874 altera
1140 1819 1230 1891 capta

210 1909 266 1962 est.
311 1899 408 1961 Gaius
430 1899 570 1961 Valerius
593 1899 757 1972 Procillus,
781 1919 848 1961 cum
870 1919 889 1960 a
911 1900 1086 1961 custodibus
1107 1899 1140 1960 in
1160 1900 1231 1978 luga

210 1986 296 2048 trinis
319 1986 433 2047 catenis
456 1986 576 2046 vinctus
598 1986 779 2058 traheretur,
806 1986 839 2047 in
865 1986 964 2066 ipsum
987 1986 1149 2048 Caesarem
1170 1984 1230 2045 ho-

168 2096 196 2135 ro
210 2081 274 2134 stes
308 2073 442 2151 equitatu
475 2080 700 2151 persequentem
733 2072 845 2133 incidit.
906 2070 994 2141 Quae
1027 2073 1146 2153 quidem
1179 2089 1230 2132 res

211 2157 337 2220 Caesari
365 2177 425 2219 non
451 2158 597 2218 minorem
620 2177 709 2237 quam
730 2157 800 2237 ipsa
821 2159 949 2220 victoria
969 2160 1157 2238 voluptatem
1179 2166 1231 2218 at*

211 2244 296 2318 tulit,
331 2245 411 2323 quod
437 2243 596 2305 hominem
619 2243 866 2305 honestissimum
893 2246 1065 2324 provinciae
1093 2243 1231 2317 Galliae,

211 2350 299 2393 snum
331 2329 510 2391 familiarem
539 2339 570 2390 et
596 2329 762 2410 hospitem,
797 2341 932 2411 ereptum
961 2353 977 2393 e
1006 2332 1144 2393 manibus
1172 2331 1230 2392 ho-

212 2417 303 2479 stium
326 2416 383 2478 sibi
405 2416 578 2478 restitutum
599 2416 734 2492 viderat,
769 2437 865 2497 neque
898 2419 962 2479 eius
990 2418 1164 2479 calamitate
1193 2418 1231 2478 de

169 2529 198 2568 aa
212 2513 301 2565 tanta
327 2503 484 2583 voluptate
511 2511 542 2563 et
570 2503 771 2582 gratulatione
799 2505 956 2584 quicquam
983 2506 1105 2566 fortuna
1132 2503 1231 2564 derni-

211 2587 328 2651 nuerat.
371 2590 403 2650 Is
437 2609 471 2650 se
503 2600 663 2668 praesente
695 2591 733 2652 de
767 2611 799 2652 se
827 2599 874 2652 ter
900 2590 1031 2652 sortibus
1045 2590 1231 2652 consultum

212 2676 347 2749 dicebat,
370 2684 471 2737 utrum
492 2669 555 2755 igni
577 2678 682 2738 statim
705 2686 869 2750 necaretur,
893 2697 931 2737 an
953 2677 984 2737 in
1006 2676 1088 2742 aliud
1110 2686 1231 2754 tempus

211 2771 432 2825 reservaretur:
462 2763 586 2824 sortium
614 2764 756 2824 beneficio
779 2783 812 2824 se
835 2782 902 2824 esse
923 2762 1109 2824 incolumem.
1152 2763 1233 2824 Item

212 2850 336 2910 Marcus
359 2848 473 2910 Metius
494 2860 631 2929 repertus
654 2851 746 2912 etad
768 2869 835 2911 eum
857 2851 997 2911 reductus
1021 2858 1077 2911 est.

170 2960 205 3010 54
277 2936 344 2996 Hoc
376 2935 487 3014 proelio
521 2945 606 2998 trans
639 2936 777 2998 Rhenum
805 2937 942 2997 nuntiato
970 2935 1078 3010 Suari,
1114 2933 1164 3014 qui
1192 2934 1234 2996 ad

171 3053 198 3090 ar
212 3022 294 3101 ripas
327 3021 428 3084 Rheni
459 3033 621 3098 venerant,
656 3024 776 3084 domum
808 3023 921 3084 reverti
948 3029 1122 3101 coepemnt3
1156 3040 1233 3100 qnos

213 3109 263 3170 ubi
297 3108 348 3187 qui
375 3109 504 3187 proximi
531 3110 670 3172 Rhenum
697 3109 832 3170 incolunt
858 3109 1034 3187 perterritos
1057 3114 1232 3182 senserunt,

211 3195 340 3257 insecuti
362 3215 504 3276 magnum
527 3217 563 3259 ex
585 3197 622 3257 iis
645 3214 802 3257 numerum
824 3196 1002 3256 occiderunt.
1040 3192 1156 3255 Caesar
1170 3213 1234 3256 una

213 3291 330 3344 aestate
364 3283 481 3346 duobus
509 3283 646 3346 maximis
673 3281 761 3343 bellis
790 3281 931 3342 conlectis
954 3280 1100 3342 maturius
1122 3279 1233 3359 paulo,

171 3399 199 3439 aa
213 3388 303 3449 quam
336 3377 454 3449 tempus
488 3372 560 3433 anni
591 3369 781 3450 postulabat,
813 3368 845 3429 in
872 3368 998 3429 hiberna
1018 3367 1050 3428 in
1073 3365 1233 3446 Sequanos

214 3456 377 3518 exercitum
401 3458 532 3519 deduxit.
576 3457 720 3519 Hibernis
748 3454 916 3516 Labienum
943 3453 1133 3534 praeposuit,
1166 3452 1234 3532 ipse

212 3540 244 3603 in
266 3543 431 3605 citeriorem
454 3543 587 3606 Galliam
609 3544 649 3605 ad
671 3550 837 3603 conventus
859 3543 991 3623 agendos
1006 3541 1158 3622 profectus
1174 3547 1233 3600 est

626 3711 823 3724 *nau——
