2616 4492
469 275 539 325 nm.
554 276 575 325 1.
599 276 676 326 oar.
691 261 827 325 so-oa
1120 259 1159 323 15

144 415 276 488 uincent,
298 414 407 496 quibus
429 413 512 479 locus
535 435 571 479 ac
591 415 680 479 sedes
701 421 889 496 pararentur.
921 413 1070 475 Futurum
1092 431 1161 476 esse

143 500 249 583 paucis
282 501 386 576 annis,
420 503 465 564 uti
498 522 601 565 omnes
630 521 668 564 ex
695 499 815 564 Galliae
842 498 952 561 finibus
978 500 1161 580 pellerentur

144 596 235 667 atque
269 605 371 649 omnes
405 587 551 650 Germani
582 588 722 650 Rhenum
749 585 928 648 transirent:
963 586 1160 666 nequeenim

144 674 354 735 conferendum
377 693 444 735 esse
466 672 615 736 Gallicum
637 693 703 737 cnm
726 671 944 735 Germanorum
959 691 1040 752 agro,
1064 691 1160 752 nequo

142 759 222 820 hanc
244 759 484 821 consuetudinem
506 761 602 822 victus
625 777 689 822 cum
712 759 766 821 illa
787 759 1028 838 comparandam.
1065 757 1189 819 Ario-s

143 846 256 907 vistum
284 854 401 920 autem,
429 855 464 907 ut
485 846 578 908 semel
600 845 756 909 Gallorum
779 844 881 924 copias
903 844 1018 924 proelio
1040 844 1157 918 vicerit,
1224 904 1230 913 ,

144 932 224 1012 quod
255 931 401 1011 proelium
432 933 544 994 factum
578 933 619 994 sit
650 930 939 1011 Admagetobrigae,
973 931 1101 1010 superbe
1129 938 1160 992 et

142 1017 303 1079 crudeliter
334 1018 497 1099 imperare,
532 1019 651 1095 obsides
680 1016 859 1079 nobilissimi
884 1016 1026 1098 cuiusque
1048 1016 1159 1078 liberos

141 1122 265 1184 poscere
293 1111 323 1164 et
348 1103 381 1166 in
408 1123 460 1166 eos
483 1105 583 1166 omnia
606 1103 744 1184 exempla
765 1103 973 1184 cruciatusque
1001 1104 1104 1176 edere,
1132 1101 1159 1165 si

143 1209 204 1270 qua
235 1208 285 1251 res
317 1209 378 1251 non
410 1191 450 1251 ad
482 1200 587 1252 nutum
616 1199 669 1253 aut
695 1192 734 1252 ad
760 1191 949 1251 voluntatem
982 1188 1046 1250 eius
1078 1190 1159 1250 facta
1173 1217 1202 1256 ro

143 1275 192 1338 sit
236 1275 396 1338 Hominem
424 1295 491 1338 esse
518 1277 696 1352 barbarum,
724 1277 914 1350 iracundum,
947 1275 1156 1337 temerarium:

141 1380 202 1423 non
234 1381 325 1441 posse
359 1362 422 1423 eius
450 1362 578 1442 imperia
605 1362 718 1424 diutius
747 1361 897 1424 sustineri.
946 1361 1015 1422 Nisi
1037 1361 1064 1422 si
1086 1360 1158 1442 quid

140 1447 173 1508 in
201 1447 332 1510 Caesare
353 1448 522 1529 populoque
543 1448 681 1512 Romano
705 1448 745 1510 sit
766 1447 885 1520 anxilii,
918 1447 1055 1508 omnibus
1078 1445 1157 1509 Gal-

141 1533 180 1595 lis
202 1534 280 1595 idem
304 1553 371 1595 esse
392 1535 577 1610 faciendum,
600 1536 679 1615 quod
702 1533 837 1597 Helvetii
858 1533 997 1606 iecerint,
1020 1541 1055 1593 ut
1069 1533 1157 1595 domo

141 1619 302 1700 emigrent,
331 1619 413 1682 aliud
435 1620 629 1694 domicilium,
658 1620 734 1682 elias
757 1622 860 1693 sedes,
882 1628 1014 1680 remotas
1036 1638 1056 1679 a
1077 1616 1157 1680 Ger·
1173 1647 1201 1686 ιι

140 1706 256 1780 manis,
283 1713 391 1784 petant
411 1707 636 1787 fortunamque,
660 1724 861 1786 quaecumque
884 1704 1014 1778 accidat,
1038 1704 1158 1784 experi-

142 1800 242 1852 antur.
285 1791 371 1853 Haec
403 1792 430 1853 si
457 1791 613 1853 enuntiata
633 1791 792 1853 Ariovisto
815 1792 892 1864 sint,
920 1809 982 1851 non
1003 1790 1157 1864 dubitare,

140 1875 214 1958 quin
237 1877 273 1937 de
297 1876 434 1939 omnibus
457 1877 626 1951 obsidibus,
650 1877 700 1957 qui
723 1880 804 1957 apud
826 1895 893 1938 eum
909 1876 985 1951 sint,
1009 1876 1157 1957 gravissi-

92 2012 98 2025 ..
139 1982 221 2024 mum
255 1961 432 2042 supplicium
466 1973 574 2026 sumat.
619 1964 780 2026 Caesarem
813 1962 862 2024 vel
895 1962 1073 2024 auctoritate
1101 1981 1158 2024 sna

139 2058 232 2128 atque
266 2049 414 2110 exercitus
446 2049 496 2110 vel
528 2049 641 2113 recenti
673 2049 800 2111 victoria
831 2049 881 2110 vel
908 2048 1027 2111 nomine
1053 2048 1157 2128 populi
1170 2077 1201 2116 20

137 2133 270 2196 Romani
293 2136 441 2197 deterrere
462 2154 568 2216 posse,
591 2155 629 2196 ne
650 2135 746 2208 maior
760 2134 920 2197 multitudo
936 2134 1157 2197 Germanorum

138 2219 279 2283 Rhenum
307 2222 492 2294 traducatur,
521 2221 714 2303 Galliamque
737 2241 854 2284 omnem
876 2223 914 2283 ab
936 2219 1086 2283 Ariovisti
1107 2221 1156 2282 in-

137 2307 219 2369 iuria
244 2327 335 2387 posse
358 2308 525 2369 defendere.
568 2306 636 2370 Hac
658 2309 793 2370 oratione
817 2308 855 2370 ab
877 2307 1028 2370 Divitiaco
1050 2307 1200 2370 habita32

140 2411 259 2465 omnes,
283 2393 334 2474 qni
356 2395 497 2471 aderant,
521 2414 628 2474 magno
651 2395 724 2456 fletu
746 2395 890 2456 auxilium
912 2413 932 2455 a
954 2393 1084 2455 Caesare
1097 2413 1155 2475 pe·-

137 2487 204 2541 tcre
236 2488 406 2559 coeperunt.
455 2479 684 2543 Animadvertit
710 2480 824 2542 Caesar
850 2500 926 2542 unos
954 2498 991 2540 ex
1018 2480 1198 2547 omnibusne

139 2563 297 2646 Sequanos
320 2566 394 2627 nihil
417 2584 519 2628 earum
541 2584 642 2629 rerum
664 2567 777 2642 lacere,
801 2586 876 2648 quas
899 2565 988 2627 ceteri
1010 2567 1155 2641 facerent,

138 2653 194 2712 sed
219 2651 323 2713 tristes
347 2652 443 2732 capite
466 2652 596 2715 demisso
618 2662 728 2714 terram
750 2653 870 2715 intueri.
914 2653 989 2714 Eius
1012 2652 1055 2713 rei
1078 2672 1155 2733 quae

137 2756 231 2799 causa
263 2746 359 2812 esset,
394 2738 518 2801 miratus
552 2757 590 2800 ex
620 2737 697 2818 ipsis
727 2739 865 2820 quaesiit
913 2737 998 2800 Nihil
1021 2736 1155 2819 Sequani

136 2824 333 2903 respondere,
357 2823 463 2884 sedin
485 2824 590 2884 eadem
612 2821 738 2886 tristitia
760 2825 845 2886 taciti
865 2844 1048 2905 permanere.
1077 2825 1153 2887 Cum

136 2909 176 2970 ab
202 2909 241 2969 iis
269 2908 390 2988 saepius
418 2918 575 2988 quaereret
596 2928 692 2990 neque
714 2910 806 2972 ullam
830 2911 949 2972 omnino
971 2929 1075 2972 vocem
1099 2931 1153 2973 ex·
1166 2938 1197 2978 eo

135 2995 266 3075 primere
292 3001 411 3073 posset,
444 2993 523 3055 idem
544 2994 713 3057 Divitiacus
735 2996 860 3058 Aeduus
883 2997 1053 3077 respondit:
1086 2996 1154 3059 Hoc

135 3100 204 3141 esse
226 3079 411 3141 miseriorem
434 3088 464 3140 et
486 3079 653 3159 graviorem
673 3082 824 3143 fortunam
841 3081 1047 3163 Sequanorum
1063 3102 1153 3163 qnam

135 3166 334 3247 reliquorum,
364 3166 443 3246 qnod
471 3165 528 3227 soli
554 3184 591 3225 ne
618 3164 786 3230 inocculto
809 3169 927 3248 quidem
951 3168 1034 3248 queri
1057 3187 1153 3250 neque

134 3252 279 3315 auxilium
301 3251 460 3332 implorare
483 3252 629 3313 auderent
651 3251 843 3334 absentisque
858 3253 1009 3317 Ariovisti
1023 3255 1152 3315 crudeli-

133 3347 246 3412 tatem,
268 3337 353 3400 velut
374 3339 401 3399 si
422 3357 522 3399 coram
546 3339 682 3413 adesset,
703 3337 875 3414 horrerent,
898 3347 1058 3420 propterea
1072 3342 1152 3420 quod
1165 3367 1193 3406 cs

133 3424 256 3506 reliquis
279 3433 380 3486 tamen
401 3425 488 3505 fugae
509 3424 637 3486 facultas
660 3425 793 3501 daretur,
817 3425 967 3507 Sequanis
989 3445 1076 3501 vero,
1101 3427 1152 3508 qui

132 3512 216 3573 intra
247 3512 322 3573 fines
348 3531 419 3573 snos
446 3511 634 3573 Ariovistum
661 3511 859 3592 recepissent,
894 3530 1017 3592 quorum
1040 3512 1151 3592 oppida

134 3596 237 3659 omnia
267 3597 300 3658 in
326 3606 479 3678 potestate
507 3597 570 3659 eins
598 3608 717 3673 essent,
751 3618 855 3660 omnes
877 3597 1026 3660 cruciatus
1050 3607 1151 3662 essent

131 3683 310 3765 perierendi.

198 3769 255 3832 His
288 3769 378 3832 rebus
412 3769 537 3850 cognitis
570 3771 685 3835 Caesar
717 3769 875 3833 Gallorum
903 3768 1019 3832 animos
1046 3771 1193 3834 verbis33

132 3855 321 3916 confirmavit
342 3854 552 3936 pollicitusque
576 3867 623 3920 est
644 3857 703 3920 sibi
724 3876 790 3919 eam
813 3876 876 3918 rem
898 3875 985 3918 curae
999 3859 1147 3921 futuram:
1162 3885 1186 3922 ιι

130 3959 271 4022 magnam
304 3962 337 4003 se
362 3942 475 4004 habere
503 3962 587 4023 spem
615 3954 645 4007 et
670 3943 812 4007 beneficio
840 3962 894 4005 suo
917 3951 948 4004 et
969 3945 1149 4008 auctoritate

133 4138 149 4163 t
