2616 4492
206 279 267 343 1⁰4
529 295 577 341 nu
599 294 717 343 sunno
741 294 896 341 eanurcc

203 433 445 516 depopulandam
467 434 576 508 mittit;
609 434 675 515 ipse
696 452 762 495 cum
785 433 908 513 reliquis
930 432 1028 495 tribus
1052 431 1092 492 ad
1113 430 1225 492 flumen

204 518 360 595 Scaldem,
390 521 470 600 quod
496 520 596 582 induit
623 521 655 582 in
676 521 813 593 Mosam,
847 529 1059 599 extremasque
1080 517 1225 578 Arduen-

204 625 261 668 nae
282 615 386 686 partes
408 606 451 668 ire
473 607 644 679 coustituit,
678 626 736 687 quo
765 626 831 668 cum
852 606 955 686 paucis
978 604 1128 685 equitibus
1150 623 1225 683 pro·

203 693 313 754 fectum
335 691 541 774 Ambiorigem
564 693 716 755 audiebat.
752 693 917 754 Discedens
939 701 1011 772 post
1034 691 1112 752 diem
1127 689 1226 768 septi-

175 797 286 840 umum
308 798 375 840 sese
398 799 590 841 reversurum
612 781 784 853 confirmat3
808 798 897 859 quam
913 779 953 839 ad
968 778 1046 840 diem
1062 776 1090 837 ei
1104 775 1223 857 legioni,

204 883 281 946 quae
302 864 335 926 in
356 866 506 945 praesidio
528 867 764 946 relinquebatur,
788 864 890 927 deberi
904 866 1086 926 frumentum
1101 862 1225 923 sciebat.

203 951 373 1013 Labienum
395 952 638 1033 Treboniumque
659 953 808 1024 hortatur,
832 951 858 1012 si
873 950 1053 1030 reipublicae
1068 947 1225 1010 commodo

203 1038 301 1099 facere
322 1037 455 1118 possint,
479 1039 607 1100 adeum
630 1038 707 1100 diem
731 1047 930 1110 revertantur,
957 1046 992 1098 ιιι
1013 1054 1118 1099 rursus
1141 1052 1226 1095 com-

204 1123 354 1184 municato
387 1124 510 1186 consilio
545 1125 768 1206 exploratisque
795 1124 926 1186 hostium
954 1122 1121 1185 rationibus
1143 1119 1227 1182 aliud

161 1228 190 1267 ro
203 1207 320 1270 initium
342 1210 413 1271 belli
434 1229 541 1290 capere
563 1221 694 1291 possent.

161 1292 197 1343 34
268 1295 360 1370 Erat,
394 1305 429 1359 ut
455 1316 547 1376 supra
574 1296 862 1370 demonstravimus,
890 1313 998 1356 manus
1021 1303 1104 1356 certa
1124 1292 1225 1366 nulla,

204 1400 265 1443 nou
287 1382 446 1462 oppidum,
469 1402 529 1444 non
551 1383 745 1462 praesidium,
768 1385 849 1464 quod
870 1402 904 1444 se
926 1381 1018 1443 armis
1040 1380 1225 1454 defenderet,

204 1468 259 1530 sed
281 1468 312 1529 in
335 1488 439 1530 omnes
462 1480 564 1548 partes
586 1469 725 1548 dispersa
747 1468 916 1531 multitudo.
959 1467 1148 1546 Ubicumque
1170 1473 1226 1527 aut

204 1553 301 1616 valles
323 1555 430 1616 abdita
451 1563 504 1616 aut
525 1555 607 1616 locus
629 1555 778 1617 silvestris
798 1563 852 1615 aut
872 1553 960 1635 palus
975 1553 1122 1633 impedita
1139 1571 1225 1631 spem

166 1661 190 1699 u
203 1640 346 1721 praesidii
368 1649 422 1703 aut
443 1641 551 1702 salutis
574 1641 705 1721 aliquam
721 1642 882 1714 offerebat,
905 1641 1112 1702 consederant.
1140 1638 1227 1700 Haeo

203 1722 272 1789 loda
292 1727 497 1789 vicinitatibus
521 1737 607 1789 erant
628 1736 717 1801 nota,
745 1745 943 1813 magnamque
966 1745 1015 1786 res
1038 1724 1227 1805 diligentiam

204 1812 375 1894 requirebat
401 1834 461 1875 non
489 1814 521 1875 in
545 1833 663 1876 summa
685 1814 833 1876 exercitus
856 1813 968 1874 tuenda
992 1810 1122 1893 (nullum
1145 1810 1227 1872 enim

202 1908 325 1980 poterat
357 1900 506 1962 universis
539 1901 578 1962 ab
611 1900 779 1980 perterritis
813 1919 848 1961 ac
881 1898 1026 1978 dispersis
1059 1897 1227 1978 periculum

204 1985 366 2070 accidere),
390 1986 497 2048 sedin
519 1986 644 2067 singulis
667 1987 812 2048 militibus
827 1984 1062 2058 conservandis;
1085 1993 1227 2064 quaeta-

162 2092 190 2130 ιο
204 2091 273 2133 men
296 2090 333 2132 ex
355 2082 442 2151 parte
465 2092 514 2134 res
536 2074 576 2135 ad
598 2073 727 2134 salutem
750 2072 899 2134 exercitus
920 2070 1099 2150 pertinebat
1142 2069 1227 2131 Nam

205 2166 237 2218 et
268 2158 400 2237 praedae
428 2159 576 2239 cupiditas
602 2159 711 2221 multos
734 2159 852 2238 longius
876 2158 1037 2230 evocabat,
1072 2165 1102 2216 et
1129 2155 1228 2216 silvae

203 2243 326 2305 incertis
350 2245 534 2324 occultisque
556 2245 713 2306 itineribus
736 2247 885 2306 confertos
909 2243 991 2305 adire
1013 2241 1226 2323 prohibebant.

204 2326 240 2391 Si
261 2329 412 2409 negotium
435 2331 540 2391 confici
562 2330 745 2411 stirpemque
767 2329 922 2392 bominum
944 2329 1159 2390 sceleratorum
1174 2327 1226 2388 in-

204 2414 299 2476 terfici
313 2415 436 2490 vellent,
460 2416 654 2478 dimittendae
669 2418 771 2497 plures
786 2435 892 2477 manus
909 2415 1124 2494 diducendique
1139 2422 1228 2475 erant

162 2521 191 2559 ιι
205 2500 331 2576 milites;
365 2502 391 2562 si
419 2502 570 2564 continere
592 2505 632 2566 ad
654 2504 742 2584 signa
763 2503 931 2582 manipulos
954 2501 1082 2574 vellent,
1115 2509 1150 2563 ιιι
1177 2501 1226 2562 in-

206 2587 314 2650 stituta
347 2589 425 2650 ratio
447 2597 485 2657 ,et
507 2592 688 2657 consuetudo
711 2591 858 2652 exercitus
881 2587 1011 2650 Romani
1032 2587 1225 2667 postulabat,

204 2672 286 2735 locus
309 2674 373 2754 ipse
396 2683 462 2735 erat
482 2676 633 2755 praesidio
655 2677 808 2751 barbaris,
833 2695 927 2756 neque
950 2694 987 2736 ex
1009 2674 1125 2736 occulto
1147 2673 1227 2735 insi·

205 2758 308 2821 diandi
336 2769 367 2822 et
394 2760 545 2841 dispersos
575 2762 824 2825 circumveniendi
852 2760 976 2843 siugulis
999 2762 1105 2822 deerat
1127 2760 1226 2821 auda-

204 2844 259 2908 cia.
302 2847 346 2909 Ut
378 2847 408 2908 in
443 2848 589 2911 eiusmodi
622 2849 862 2922 difficultatibus,
897 2855 1042 2929 quantum
1070 2846 1227 2928 diligentia

163 2953 191 2991 ao
204 2932 355 3018 provideri
376 2940 511 3014 poterat,
534 2935 760 3015 providebatur,
783 2946 818 2997 ut
839 2935 938 3016 potius
960 2934 992 2995 in
1015 2935 1148 2995 nocendo
1164 2933 1225 2995 ali·

204 3018 276 3100 quid
298 3021 600 3100 praetermitteretur,
625 3022 683 3084 etsi
706 3023 837 3084 omnium
860 3021 952 3083 animi
966 3022 1006 3082 ad
1021 3020 1226 3082 ulciscendum

203 3107 366 3181 ardebant,
390 3127 478 3188 quarn
494 3128 568 3183 ¹cum
591 3108 691 3188 aliquo
714 3109 840 3171 militum
863 3107 1042 3177 detrimento
1058 3116 1226 3169 noceretur.

203 3192 338 3255 Dimittit
364 3195 404 3256 ad
426 3195 569 3256 finitimas
591 3195 730 3256 civitates
753 3196 873 3256 nuntios
897 3192 1024 3254 Caesar:
1058 3212 1162 3255 omnes
1186 3195 1227 3255 ad

204 3290 349 3358 sevocat
371 3300 424 3360 spe
446 3284 576 3362 praedae
599 3283 638 3342 ad
661 3281 844 3361 diripiendos
866 3279 1039 3351 Eburones,
1067 3287 1101 3339 ut
1122 3280 1226 3359 potius

163 3364 235 3426 sain
263 3366 348 3428 silvis
376 3366 535 3430 Gallorum
556 3367 622 3429 vita
644 3387 734 3448 quam
756 3364 939 3447 legionarius
962 3364 1048 3424 miles
1072 3364 1226 3443 periclite-

204 3459 262 3526 tur,
286 3452 374 3515 simul
397 3462 431 3516 ut
452 3474 563 3535 magna
584 3453 776 3517 multitudine
799 3452 977 3513 circumfusa
998 3470 1053 3530 pro
1077 3451 1132 3513 tali
1148 3452 1227 3514 laci-

203 3557 276 3601 nore
304 3538 394 3618 stirps
421 3559 457 3602 ac
478 3560 586 3602 nomen
609 3541 740 3603 civitatis
763 3539 896 3602 tollatur.
941 3538 1072 3618 Magnus
1094 3539 1228 3620 undique

203 3643 344 3686 numerus
368 3626 503 3688 celeriter
525 3629 673 3689 convenit.

160 3712 195 3766 35
267 3711 352 3774 Haeo
373 3712 404 3774 in
426 3713 564 3776 omuibus
581 3714 757 3775 Eburonum
772 3710 911 3792 partibus
927 3712 1118 3791 gerebantur,
1143 3710 1227 3772 dies-

160 3820 189 3857 ιο
205 3814 261 3875 que
284 3799 447 3878 adpetebat
470 3801 630 3881 septimus,
654 3819 742 3879 quem
764 3801 803 3860 ad
827 3797 905 3858 diem
928 3797 1044 3858 Caesar
1066 3799 1106 3859 ad
1128 3798 1227 3877 impe-

204 3880 338 3945 dimenta
364 3885 569 3966 legionemque
592 3886 702 3948 reverti
724 3885 930 3947 constituerat.
975 3883 1048 3958 Hic,
1078 3881 1227 3964 quantum

203 3967 235 4030 in
257 3968 336 4030 bello
359 3971 480 4032 fortuna
501 3973 599 4051 possit
621 3981 652 4033 et
674 3983 802 4052 quantos
826 3972 942 4033 adierat
958 3990 1062 4043 casus,
1086 3971 1227 4052 cognosci
