<?xml version="1.0" encoding="UTF-8"?>
<!DOCTYPE html PUBLIC "-//W3C//DTD XHTML 1.0 Transitional//EN"
    "http://www.w3.org/TR/xhtml1/DTD/xhtml1-transitional.dtd">
<html xmlns="http://www.w3.org/1999/xhtml" xml:lang="en" lang="en">
 <head>
  <title>
</title>
<meta http-equiv="Content-Type" content="text/html;charset=utf-8" />
  <meta name='ocr-system' content='tesseract 3.04.00' />
  <meta name='ocr-capabilities' content='ocr_page ocr_carea ocr_par ocr_line ocrx_word'/>
</head>
<body>
  <div class='ocr_page' id='page_1' title='image "./debellogallicol00friggoog_0139.png"; bbox 0 0 2616 4492; ppageno 0'>
   <div class='ocr_carea' id='block_1_1' title="bbox 223 289 916 355">
    <p class='ocr_par' dir='ltr' id='par_1_1' title="bbox 223 289 916 355">
     <span class='ocr_line' id='line_1_1' title="bbox 223 289 916 355; baseline -0.003 0"><span class='ocrx_word' id='word_1_1' title='bbox 223 289 286 355; x_wconf 86' lang='grc'>116</span> <span class='ocrx_word' id='word_1_2' title='bbox 548 306 598 352; x_wconf 84' lang='lat' dir='ltr'>na</span> <span class='ocrx_word' id='word_1_3' title='bbox 619 305 736 353; x_wconf 79' lang='lat' dir='ltr'>nunno</span> <span class='ocrx_word' id='word_1_4' title='bbox 760 304 916 353; x_wconf 80' lang='lat' dir='ltr'>csnmco</span> 
     </span>
    </p>
   </div>
   <div class='ocr_carea' id='block_1_2' title="bbox 221 444 1247 786">
    <p class='ocr_par' dir='ltr' id='par_1_2' title="bbox 221 444 1247 786">
     <span class='ocr_line' id='line_1_2' title="bbox 221 444 1246 528; baseline -0.004 -18"><span class='ocrx_word' id='word_1_5' title='bbox 221 446 426 528; x_wconf 78' lang='lat' dir='ltr'>reliquissent:</span> <span class='ocrx_word' id='word_1_6' title='bbox 460 456 616 526; x_wconf 90' lang='lat' dir='ltr'>praestare</span> <span class='ocrx_word' id='word_1_7' title='bbox 643 464 746 508; x_wconf 90' lang='lat' dir='ltr'>omnes</span> <span class='ocrx_word' id='word_1_8' title='bbox 773 447 902 526; x_wconf 79' lang='lat' dir='ltr'>perferre</span> <span class='ocrx_word' id='word_1_9' title='bbox 923 444 1119 517; x_wconf 83' lang='lat' dir='ltr'>acerbitates,</span> <span class='ocrx_word' id='word_1_10' title='bbox 1153 462 1246 526; x_wconf 87' lang='lat' dir='ltr'>quam</span> 
     </span>
     <span class='ocr_line' id='line_1_3' title="bbox 222 530 1247 612; baseline -0.003 -16"><span class='ocrx_word' id='word_1_11' title='bbox 222 553 282 596; x_wconf 93' lang='lat' dir='ltr'>non</span> <span class='ocrx_word' id='word_1_12' title='bbox 309 532 424 594; x_wconf 90' lang='lat' dir='ltr'>civibus</span> <span class='ocrx_word' id='word_1_13' title='bbox 451 533 614 604; x_wconf 83' lang='lat' dir='ltr'>Romanis,</span> <span class='ocrx_word' id='word_1_14' title='bbox 648 532 699 612; x_wconf 92' lang='lat' dir='ltr'>qui</span> <span class='ocrx_word' id='word_1_15' title='bbox 728 531 846 594; x_wconf 85' lang='lat' dir='ltr'>Genabi</span> <span class='ocrx_word' id='word_1_16' title='bbox 867 531 992 612; x_wconf 92' lang='lat' dir='ltr'>perfidia</span> <span class='ocrx_word' id='word_1_17' title='bbox 1013 530 1171 592; x_wconf 82' lang='lat' dir='ltr'>Gallorum</span> <span class='ocrx_word' id='word_1_18' title='bbox 1193 531 1247 593; x_wconf 94' lang='lat' dir='ltr'>in-</span> 
     </span>
     <span class='ocr_line' id='line_1_4' title="bbox 222 617 1247 698; baseline -0.003 -16"><span class='ocrx_word' id='word_1_19' title='bbox 222 620 382 694; x_wconf 87' lang='lat' dir='ltr'>terissent,</span> <span class='ocrx_word' id='word_1_20' title='bbox 411 627 615 698; x_wconf 87' lang='lat' dir='ltr'>parentarent.</span> <span class='ocrx_word' id='word_1_21' title='bbox 659 620 745 693; x_wconf 88' lang='lat' dir='ltr'>Haeo</span> <span class='ocrx_word' id='word_1_22' title='bbox 772 620 876 681; x_wconf 91' lang='lat' dir='ltr'>eadem</span> <span class='ocrx_word' id='word_1_23' title='bbox 899 617 1122 680; x_wconf 79' lang='lat' dir='ltr'>centurionibus</span> <span class='ocrx_word' id='word_1_24' title='bbox 1144 618 1247 680; x_wconf 88' lang='lat' dir='ltr'>tribu-</span> 
     </span>
     <span class='ocr_line' id='line_1_5' title="bbox 221 699 1247 786; baseline -0.002 -18"><span class='ocrx_word' id='word_1_25' title='bbox 221 706 327 786; x_wconf 89' lang='lat' dir='ltr'>nisque</span> <span class='ocrx_word' id='word_1_26' title='bbox 348 704 477 767; x_wconf 92' lang='lat' dir='ltr'>militnm</span> <span class='ocrx_word' id='word_1_27' title='bbox 499 706 699 778; x_wconf 79' lang='lat' dir='ltr'>mandabant,</span> <span class='ocrx_word' id='word_1_28' title='bbox 728 699 843 786; x_wconf 84' lang='lat' dir='ltr'>ut&#39;per</span> <span class='ocrx_word' id='word_1_29' title='bbox 866 724 918 766; x_wconf 93' lang='lat' dir='ltr'>eos</span> <span class='ocrx_word' id='word_1_30' title='bbox 941 706 981 765; x_wconf 90' lang='lat' dir='ltr'>ad</span> <span class='ocrx_word' id='word_1_31' title='bbox 1003 703 1165 766; x_wconf 86' lang='lat' dir='ltr'>Caesarem</span> <span class='ocrx_word' id='word_1_32' title='bbox 1188 706 1247 766; x_wconf 93' lang='lat' dir='ltr'>de-</span> 
     </span>
    </p>
   </div>
   <div class='ocr_carea' id='block_1_3' title="bbox 177 794 1262 4059">
    <p class='ocr_par' dir='ltr' id='par_1_3' title="bbox 193 794 379 855">
     <span class='ocr_line' id='line_1_6' title="bbox 193 794 379 855; baseline -0.011 -2"><span class='ocrx_word' id='word_1_33' title='bbox 193 794 379 855; x_wconf 73' lang='lat' dir='ltr'>elementor.</span> 
     </span>
    </p>

    <p class='ocr_par' dir='ltr' id='par_1_4' title="bbox 181 876 1249 1218">
     <span class='ocr_line' id='line_1_7' title="bbox 181 876 1247 957; baseline -0.001 -17"><span class='ocrx_word' id='word_1_34' title='bbox 181 879 214 931; x_wconf 89' lang='lat'>18</span> <span class='ocrx_word' id='word_1_35' title='bbox 287 878 363 940; x_wconf 87' lang='lat' dir='ltr'>Cum</span> <span class='ocrx_word' id='word_1_36' title='bbox 393 877 455 938; x_wconf 91' lang='lat' dir='ltr'>iam</span> <span class='ocrx_word' id='word_1_37' title='bbox 482 895 567 937; x_wconf 91' lang='lat' dir='ltr'>muro</span> <span class='ocrx_word' id='word_1_38' title='bbox 590 885 688 937; x_wconf 86' lang='lat' dir='ltr'>turres</span> <span class='ocrx_word' id='word_1_39' title='bbox 711 876 1021 957; x_wconf 79' lang='lat' dir='ltr'>adpropinquassent,</span> <span class='ocrx_word' id='word_1_40' title='bbox 1055 895 1094 937; x_wconf 86' lang='lat' dir='ltr'>ex</span> <span class='ocrx_word' id='word_1_41' title='bbox 1115 877 1247 957; x_wconf 85' lang='lat' dir='ltr'>captivis</span> 
     </span>
     <span class='ocr_line' id='line_1_8' title="bbox 222 962 1249 1043; baseline 0 -16"><span class='ocrx_word' id='word_1_42' title='bbox 222 965 338 1028; x_wconf 80' lang='lat' dir='ltr'>Caesar</span> <span class='ocrx_word' id='word_1_43' title='bbox 358 962 497 1043; x_wconf 87' lang='lat' dir='ltr'>cognovit</span> <span class='ocrx_word' id='word_1_44' title='bbox 516 963 792 1043; x_wconf 82' lang='lat' dir='ltr'>Vercingetorigem</span> <span class='ocrx_word' id='word_1_45' title='bbox 815 972 992 1043; x_wconf 90' lang='lat' dir='ltr'>consumpto</span> <span class='ocrx_word' id='word_1_46' title='bbox 1013 962 1125 1042; x_wconf 90' lang='lat' dir='ltr'>pabulo</span> <span class='ocrx_word' id='word_1_47' title='bbox 1140 973 1249 1027; x_wconf 86' lang='lat' dir='ltr'>castra</span> 
     </span>
     <span class='ocr_line' id='line_1_9' title="bbox 222 1047 1248 1130; baseline -0.001 -17"><span class='ocrx_word' id='word_1_48' title='bbox 222 1050 353 1113; x_wconf 89' lang='lat' dir='ltr'>movisse</span> <span class='ocrx_word' id='word_1_49' title='bbox 374 1048 497 1130; x_wconf 92' lang='lat' dir='ltr'>propius</span> <span class='ocrx_word' id='word_1_50' title='bbox 518 1047 683 1110; x_wconf 79' lang='lat' dir='ltr'>Avaricum</span> <span class='ocrx_word' id='word_1_51' title='bbox 706 1061 796 1129; x_wconf 89' lang='lat' dir='ltr'>atque</span> <span class='ocrx_word' id='word_1_52' title='bbox 818 1050 917 1129; x_wconf 92' lang='lat' dir='ltr'>ipsum</span> <span class='ocrx_word' id='word_1_53' title='bbox 939 1068 1005 1110; x_wconf 91' lang='lat' dir='ltr'>cum</span> <span class='ocrx_word' id='word_1_54' title='bbox 1029 1050 1165 1129; x_wconf 88' lang='lat' dir='ltr'>equitatu</span> <span class='ocrx_word' id='word_1_55' title='bbox 1188 1070 1248 1112; x_wconf 87' lang='lat' dir='ltr'>ex-</span> 
     </span>
     <span class='ocr_line' id='line_1_10' title="bbox 221 1135 1249 1218; baseline 0 -20"><span class='ocrx_word' id='word_1_56' title='bbox 221 1136 408 1218; x_wconf 89' lang='lat' dir='ltr'>peditisque,</span> <span class='ocrx_word' id='word_1_57' title='bbox 443 1135 494 1215; x_wconf 95' lang='lat' dir='ltr'>qui</span> <span class='ocrx_word' id='word_1_58' title='bbox 520 1135 598 1196; x_wconf 89' lang='lat' dir='ltr'>inter</span> <span class='ocrx_word' id='word_1_59' title='bbox 620 1135 736 1215; x_wconf 90' lang='lat' dir='ltr'>equites</span> <span class='ocrx_word' id='word_1_60' title='bbox 758 1135 899 1215; x_wconf 88' lang='lat' dir='ltr'>proeliari</span> <span class='ocrx_word' id='word_1_61' title='bbox 919 1144 1132 1209; x_wconf 82' lang='lat' dir='ltr'>consuessent,</span> <span class='ocrx_word' id='word_1_62' title='bbox 1165 1137 1249 1199; x_wconf 90' lang='lat' dir='ltr'>insi-</span> 
     </span>
    </p>

    <p class='ocr_par' dir='ltr' id='par_1_5' title="bbox 179 1222 1262 1649">
     <span class='ocr_line' id='line_1_11' title="bbox 179 1222 1248 1311; baseline 0.003 -29"><span class='ocrx_word' id='word_1_63' title='bbox 179 1243 209 1283; x_wconf 83' lang='lat' dir='ltr'>ro</span> <span class='ocrx_word' id='word_1_64' title='bbox 223 1224 341 1285; x_wconf 86' lang='lat' dir='ltr'>diarum</span> <span class='ocrx_word' id='word_1_65' title='bbox 360 1240 512 1283; x_wconf 83' lang='lat' dir='ltr'>causa-eo</span> <span class='ocrx_word' id='word_1_66' title='bbox 533 1223 714 1302; x_wconf 81' lang='lat' dir='ltr'>proiectum,</span> <span class='ocrx_word' id='word_1_67' title='bbox 742 1241 799 1311; x_wconf 82' lang='lat' dir='ltr'>qqo</span> <span class='ocrx_word' id='word_1_68' title='bbox 826 1230 946 1284; x_wconf 91' lang='lat' dir='ltr'>nostros</span> <span class='ocrx_word' id='word_1_69' title='bbox 968 1231 1090 1301; x_wconf 90' lang='lat' dir='ltr'>postero</span> <span class='ocrx_word' id='word_1_70' title='bbox 1113 1222 1162 1284; x_wconf 92' lang='lat' dir='ltr'>die</span> <span class='ocrx_word' id='word_1_71' title='bbox 1184 1244 1248 1304; x_wconf 79' lang='lat' dir='ltr'>pa-</span> 
     </span>
     <span class='ocr_line' id='line_1_12' title="bbox 221 1305 1247 1389; baseline 0 -17"><span class='ocrx_word' id='word_1_72' title='bbox 221 1309 359 1372; x_wconf 90' lang='lat' dir='ltr'>bulatum</span> <span class='ocrx_word' id='word_1_73' title='bbox 381 1317 523 1370; x_wconf 83' lang='lat' dir='ltr'>venturos</span> <span class='ocrx_word' id='word_1_74' title='bbox 546 1309 750 1370; x_wconf 87' lang='lat' dir='ltr'>arbitraretur.</span> <span class='ocrx_word' id='word_1_75' title='bbox 796 1305 913 1377; x_wconf 85' lang='lat' dir='ltr'>Quibus</span> <span class='ocrx_word' id='word_1_76' title='bbox 929 1309 1017 1369; x_wconf 89' lang='lat' dir='ltr'>rebus</span> <span class='ocrx_word' id='word_1_77' title='bbox 1033 1309 1161 1389; x_wconf 90' lang='lat' dir='ltr'>cognitis</span> <span class='ocrx_word' id='word_1_78' title='bbox 1177 1329 1247 1372; x_wconf 83' lang='lat' dir='ltr'>me·-</span> 
     </span>
     <span class='ocr_line' id='line_1_13' title="bbox 223 1394 1247 1476; baseline 0 -18"><span class='ocrx_word' id='word_1_79' title='bbox 223 1396 274 1458; x_wconf 90' lang='lat' dir='ltr'>dia</span> <span class='ocrx_word' id='word_1_80' title='bbox 295 1404 383 1458; x_wconf 92' lang='lat' dir='ltr'>nocte</span> <span class='ocrx_word' id='word_1_81' title='bbox 406 1394 526 1456; x_wconf 90' lang='lat' dir='ltr'>silentio</span> <span class='ocrx_word' id='word_1_82' title='bbox 546 1395 697 1474; x_wconf 81' lang='lat' dir='ltr'>proiectus</span> <span class='ocrx_word' id='word_1_83' title='bbox 720 1395 760 1455; x_wconf 92' lang='lat' dir='ltr'>ad</span> <span class='ocrx_word' id='word_1_84' title='bbox 780 1395 913 1456; x_wconf 91' lang='lat' dir='ltr'>hostium</span> <span class='ocrx_word' id='word_1_85' title='bbox 936 1403 1038 1456; x_wconf 90' lang='lat' dir='ltr'>castra</span> <span class='ocrx_word' id='word_1_86' title='bbox 1058 1414 1148 1456; x_wconf 90' lang='lat' dir='ltr'>mane</span> <span class='ocrx_word' id='word_1_87' title='bbox 1169 1416 1247 1476; x_wconf 89' lang='lat' dir='ltr'>per-</span> 
     </span>
     <span class='ocr_line' id='line_1_14' title="bbox 221 1480 1247 1561; baseline -0.001 -16"><span class='ocrx_word' id='word_1_88' title='bbox 221 1483 315 1545; x_wconf 82' lang='lat' dir='ltr'>venit</span> <span class='ocrx_word' id='word_1_89' title='bbox 362 1480 412 1543; x_wconf 92' lang='lat' dir='ltr'>Illi</span> <span class='ocrx_word' id='word_1_90' title='bbox 442 1480 578 1542; x_wconf 77' lang='lat' dir='ltr'>celeriter</span> <span class='ocrx_word' id='word_1_91' title='bbox 610 1500 663 1561; x_wconf 91' lang='lat' dir='ltr'>per</span> <span class='ocrx_word' id='word_1_92' title='bbox 696 1481 899 1560; x_wconf 82' lang='lat' dir='ltr'>exploratores</span> <span class='ocrx_word' id='word_1_93' title='bbox 932 1482 1066 1542; x_wconf 83' lang='lat' dir='ltr'>adventu</span> <span class='ocrx_word' id='word_1_94' title='bbox 1099 1481 1247 1544; x_wconf 78' lang='lat' dir='ltr'>Caesaris</span> 
     </span>
     <span class='ocr_line' id='line_1_15' title="bbox 222 1567 1262 1649; baseline 0.001 -19"><span class='ocrx_word' id='word_1_95' title='bbox 222 1568 340 1649; x_wconf 85' lang='lat' dir='ltr'>cognito</span> <span class='ocrx_word' id='word_1_96' title='bbox 367 1586 469 1629; x_wconf 90' lang='lat' dir='ltr'>carros</span> <span class='ocrx_word' id='word_1_97' title='bbox 496 1567 767 1647; x_wconf 85' lang='lat' dir='ltr'>impedimentaque</span> <span class='ocrx_word' id='word_1_98' title='bbox 789 1586 846 1628; x_wconf 91' lang='lat' dir='ltr'>sua</span> <span class='ocrx_word' id='word_1_99' title='bbox 866 1568 898 1628; x_wconf 95' lang='lat' dir='ltr'>in</span> <span class='ocrx_word' id='word_1_100' title='bbox 920 1568 1046 1629; x_wconf 84' lang='lat' dir='ltr'>artiores</span> <span class='ocrx_word' id='word_1_101' title='bbox 1068 1568 1163 1630; x_wconf 83' lang='lat' dir='ltr'>silvas</span> <span class='ocrx_word' id='word_1_102' title='bbox 1187 1570 1262 1631; x_wconf 61' lang='lat' dir='ltr'>aba.</span> 
     </span>
    </p>

    <p class='ocr_par' dir='ltr' id='par_1_6' title="bbox 179 1653 1248 1906">
     <span class='ocr_line' id='line_1_16' title="bbox 179 1653 1246 1735; baseline 0.004 -22"><span class='ocrx_word' id='word_1_103' title='bbox 179 1675 208 1715; x_wconf 81' lang='lat' dir='ltr'>re</span> <span class='ocrx_word' id='word_1_104' title='bbox 223 1655 378 1729; x_wconf 82' lang='lat' dir='ltr'>diderunt,</span> <span class='ocrx_word' id='word_1_105' title='bbox 411 1653 512 1734; x_wconf 88' lang='lat' dir='ltr'>copias</span> <span class='ocrx_word' id='word_1_106' title='bbox 544 1672 651 1715; x_wconf 90' lang='lat' dir='ltr'>omnes</span> <span class='ocrx_word' id='word_1_107' title='bbox 684 1653 715 1714; x_wconf 93' lang='lat' dir='ltr'>in</span> <span class='ocrx_word' id='word_1_108' title='bbox 748 1654 814 1715; x_wconf 90' lang='lat' dir='ltr'>loco</span> <span class='ocrx_word' id='word_1_109' title='bbox 843 1654 923 1716; x_wconf 88' lang='lat' dir='ltr'>edito</span> <span class='ocrx_word' id='word_1_110' title='bbox 951 1664 1043 1733; x_wconf 87' lang='lat' dir='ltr'>atque</span> <span class='ocrx_word' id='word_1_111' title='bbox 1065 1664 1171 1735; x_wconf 88' lang='lat' dir='ltr'>aperto</span> <span class='ocrx_word' id='word_1_112' title='bbox 1193 1656 1246 1718; x_wconf 92' lang='lat' dir='ltr'>in-</span> 
     </span>
     <span class='ocr_line' id='line_1_17' title="bbox 222 1737 1248 1809; baseline 0.001 -5"><span class='ocrx_word' id='word_1_113' title='bbox 222 1749 402 1804; x_wconf 83' lang='lat' dir='ltr'>struxerunt</span> <span class='ocrx_word' id='word_1_114' title='bbox 458 1737 528 1809; x_wconf 76' lang='lat' dir='ltr'>Qua</span> <span class='ocrx_word' id='word_1_115' title='bbox 559 1759 592 1801; x_wconf 92' lang='lat' dir='ltr'>re</span> <span class='ocrx_word' id='word_1_116' title='bbox 624 1740 764 1801; x_wconf 88' lang='lat' dir='ltr'>nuntiata</span> <span class='ocrx_word' id='word_1_117' title='bbox 796 1740 910 1802; x_wconf 78' lang='lat' dir='ltr'>Caesar</span> <span class='ocrx_word' id='word_1_118' title='bbox 942 1739 1079 1802; x_wconf 85' lang='lat' dir='ltr'>celeriter</span> <span class='ocrx_word' id='word_1_119' title='bbox 1106 1741 1248 1805; x_wconf 78' lang='lat' dir='ltr'>sarcinas</span> 
     </span>
     <span class='ocr_line' id='line_1_18' title="bbox 222 1826 1175 1906; baseline -0.008 -15"><span class='ocrx_word' id='word_1_120' title='bbox 222 1827 364 1900; x_wconf 82' lang='lat' dir='ltr'>conferri,</span> <span class='ocrx_word' id='word_1_121' title='bbox 388 1845 473 1888; x_wconf 91' lang='lat' dir='ltr'>arma</span> <span class='ocrx_word' id='word_1_122' title='bbox 494 1826 627 1906; x_wconf 81' lang='lat' dir='ltr'>expediri</span> <span class='ocrx_word' id='word_1_123' title='bbox 648 1826 746 1888; x_wconf 90' lang='lat' dir='ltr'>iussit.</span> <span class='ocrx_word' id='word_1_124' title='bbox 1170 1866 1175 1875; x_wconf 84' lang='lat'>.</span> 
     </span>
    </p>

    <p class='ocr_par' dir='ltr' id='par_1_7' title="bbox 180 1912 1247 2080">
     <span class='ocr_line' id='line_1_19' title="bbox 180 1912 1247 1975; baseline 0 -1"><span class='ocrx_word' id='word_1_125' title='bbox 180 1913 213 1966; x_wconf 89' lang='grc'>19</span> <span class='ocrx_word' id='word_1_126' title='bbox 284 1913 380 1975; x_wconf 78' lang='lat' dir='ltr'>Collis</span> <span class='ocrx_word' id='word_1_127' title='bbox 404 1921 471 1974; x_wconf 92' lang='lat' dir='ltr'>erat</span> <span class='ocrx_word' id='word_1_128' title='bbox 492 1912 598 1974; x_wconf 90' lang='lat' dir='ltr'>leniter</span> <span class='ocrx_word' id='word_1_129' title='bbox 620 1914 659 1974; x_wconf 95' lang='lat' dir='ltr'>ab</span> <span class='ocrx_word' id='word_1_130' title='bbox 680 1912 783 1974; x_wconf 91' lang='lat' dir='ltr'>infimo</span> <span class='ocrx_word' id='word_1_131' title='bbox 806 1912 936 1974; x_wconf 87' lang='lat' dir='ltr'>acclivis.</span> <span class='ocrx_word' id='word_1_132' title='bbox 969 1913 1059 1973; x_wconf 91' lang='lat' dir='ltr'>Hunc</span> <span class='ocrx_word' id='word_1_133' title='bbox 1081 1931 1119 1974; x_wconf 84' lang='lat' dir='ltr'>ex</span> <span class='ocrx_word' id='word_1_134' title='bbox 1141 1913 1247 1975; x_wconf 58' lang='lat' dir='ltr'>omni*</span> 
     </span>
     <span class='ocr_line' id='line_1_20' title="bbox 221 1997 1246 2080; baseline 0.002 -19"><span class='ocrx_word' id='word_1_135' title='bbox 221 2000 279 2061; x_wconf 90' lang='lat' dir='ltr'>bus</span> <span class='ocrx_word' id='word_1_136' title='bbox 311 2001 374 2061; x_wconf 82' lang='lat' dir='ltr'>lere</span> <span class='ocrx_word' id='word_1_137' title='bbox 401 1999 537 2078; x_wconf 91' lang='lat' dir='ltr'>partibus</span> <span class='ocrx_word' id='word_1_138' title='bbox 563 1997 653 2078; x_wconf 91' lang='lat' dir='ltr'>palus</span> <span class='ocrx_word' id='word_1_139' title='bbox 675 1998 802 2060; x_wconf 84' lang='lat' dir='ltr'>difficilis</span> <span class='ocrx_word' id='word_1_140' title='bbox 825 2009 916 2079; x_wconf 90' lang='lat' dir='ltr'>atque</span> <span class='ocrx_word' id='word_1_141' title='bbox 937 1998 1081 2079; x_wconf 90' lang='lat' dir='ltr'>impedita</span> <span class='ocrx_word' id='word_1_142' title='bbox 1102 1999 1246 2080; x_wconf 89' lang='lat' dir='ltr'>cingebat</span> 
     </span>
    </p>

    <p class='ocr_par' dir='ltr' id='par_1_8' title="bbox 179 2084 1247 2510">
     <span class='ocr_line' id='line_1_21' title="bbox 179 2084 1245 2167; baseline 0.004 -22"><span class='ocrx_word' id='word_1_143' title='bbox 179 2105 209 2145; x_wconf 83' lang='lat' dir='ltr'>ao</span> <span class='ocrx_word' id='word_1_144' title='bbox 222 2105 283 2147; x_wconf 92' lang='lat' dir='ltr'>non</span> <span class='ocrx_word' id='word_1_145' title='bbox 309 2085 399 2146; x_wconf 87' lang='lat' dir='ltr'>latior</span> <span class='ocrx_word' id='word_1_146' title='bbox 425 2085 552 2164; x_wconf 90' lang='lat' dir='ltr'>pedibus</span> <span class='ocrx_word' id='word_1_147' title='bbox 574 2084 800 2165; x_wconf 86' lang='lat' dir='ltr'>quinquaginta.</span> <span class='ocrx_word' id='word_1_148' title='bbox 844 2086 911 2147; x_wconf 90' lang='lat' dir='ltr'>Hoc</span> <span class='ocrx_word' id='word_1_149' title='bbox 932 2105 966 2146; x_wconf 91' lang='lat' dir='ltr'>se</span> <span class='ocrx_word' id='word_1_150' title='bbox 987 2084 1064 2147; x_wconf 89' lang='lat' dir='ltr'>colle</span> <span class='ocrx_word' id='word_1_151' title='bbox 1084 2085 1245 2167; x_wconf 74' lang='lat' dir='ltr'>interrup—</span> 
     </span>
     <span class='ocr_line' id='line_1_22' title="bbox 222 2169 1246 2253; baseline 0.002 -20"><span class='ocrx_word' id='word_1_152' title='bbox 222 2171 262 2233; x_wconf 87' lang='lat' dir='ltr'>tis</span> <span class='ocrx_word' id='word_1_153' title='bbox 295 2170 435 2251; x_wconf 90' lang='lat' dir='ltr'>pontibus</span> <span class='ocrx_word' id='word_1_154' title='bbox 469 2169 551 2231; x_wconf 88' lang='lat' dir='ltr'>Galli</span> <span class='ocrx_word' id='word_1_155' title='bbox 583 2171 693 2232; x_wconf 91' lang='lat' dir='ltr'>fiducia</span> <span class='ocrx_word' id='word_1_156' title='bbox 718 2171 776 2232; x_wconf 90' lang='lat' dir='ltr'>loci</span> <span class='ocrx_word' id='word_1_157' title='bbox 802 2171 997 2233; x_wconf 88' lang='lat' dir='ltr'>continebant</span> <span class='ocrx_word' id='word_1_158' title='bbox 1018 2172 1246 2253; x_wconf 85' lang='lat' dir='ltr'>generatimque</span> 
     </span>
     <span class='ocr_line' id='line_1_23' title="bbox 223 2256 1244 2338; baseline 0 -18"><span class='ocrx_word' id='word_1_159' title='bbox 223 2257 377 2320; x_wconf 88' lang='lat' dir='ltr'>distributi</span> <span class='ocrx_word' id='word_1_160' title='bbox 397 2256 429 2317; x_wconf 93' lang='lat' dir='ltr'>in</span> <span class='ocrx_word' id='word_1_161' title='bbox 451 2256 589 2318; x_wconf 84' lang='lat' dir='ltr'>civitates</span> <span class='ocrx_word' id='word_1_162' title='bbox 617 2256 718 2317; x_wconf 90' lang='lat' dir='ltr'>omnia</span> <span class='ocrx_word' id='word_1_163' title='bbox 744 2257 824 2318; x_wconf 87' lang='lat' dir='ltr'>vada</span> <span class='ocrx_word' id='word_1_164' title='bbox 851 2277 887 2318; x_wconf 90' lang='lat' dir='ltr'>ac</span> <span class='ocrx_word' id='word_1_165' title='bbox 914 2258 1010 2320; x_wconf 89' lang='lat' dir='ltr'>saltus</span> <span class='ocrx_word' id='word_1_166' title='bbox 1034 2257 1098 2320; x_wconf 89' lang='lat' dir='ltr'>eius</span> <span class='ocrx_word' id='word_1_167' title='bbox 1119 2259 1244 2338; x_wconf 89' lang='lat' dir='ltr'>paludis</span> 
     </span>
     <span class='ocr_line' id='line_1_24' title="bbox 223 2342 1247 2424; baseline 0.002 -19"><span class='ocrx_word' id='word_1_168' title='bbox 223 2343 399 2413; x_wconf 89' lang='lat' dir='ltr'>obtinebant</span> <span class='ocrx_word' id='word_1_169' title='bbox 420 2342 463 2405; x_wconf 90' lang='lat' dir='ltr'>sic</span> <span class='ocrx_word' id='word_1_170' title='bbox 484 2342 584 2404; x_wconf 91' lang='lat' dir='ltr'>animo</span> <span class='ocrx_word' id='word_1_171' title='bbox 605 2342 721 2422; x_wconf 89' lang='lat' dir='ltr'>parati,</span> <span class='ocrx_word' id='word_1_172' title='bbox 744 2352 793 2417; x_wconf 89' lang='lat' dir='ltr'>ut,</span> <span class='ocrx_word' id='word_1_173' title='bbox 817 2342 843 2404; x_wconf 93' lang='lat' dir='ltr'>si</span> <span class='ocrx_word' id='word_1_174' title='bbox 866 2363 931 2405; x_wconf 86' lang='lat' dir='ltr'>eam</span> <span class='ocrx_word' id='word_1_175' title='bbox 953 2344 1095 2424; x_wconf 91' lang='lat' dir='ltr'>paludem</span> <span class='ocrx_word' id='word_1_176' title='bbox 1110 2345 1247 2407; x_wconf 90' lang='lat' dir='ltr'>Romani</span> 
     </span>
     <span class='ocr_line' id='line_1_25' title="bbox 222 2428 1245 2510; baseline 0.003 -19"><span class='ocrx_word' id='word_1_177' title='bbox 222 2448 413 2510; x_wconf 85' lang='lat' dir='ltr'>perrumpere</span> <span class='ocrx_word' id='word_1_178' title='bbox 433 2438 622 2502; x_wconf 89' lang='lat' dir='ltr'>conarentur,</span> <span class='ocrx_word' id='word_1_179' title='bbox 644 2428 831 2491; x_wconf 87' lang='lat' dir='ltr'>haesitantes</span> <span class='ocrx_word' id='word_1_180' title='bbox 853 2439 1022 2509; x_wconf 89' lang='lat' dir='ltr'>premerent</span> <span class='ocrx_word' id='word_1_181' title='bbox 1043 2450 1081 2492; x_wconf 87' lang='lat' dir='ltr'>ex</span> <span class='ocrx_word' id='word_1_182' title='bbox 1102 2431 1168 2493; x_wconf 92' lang='lat' dir='ltr'>loco</span> <span class='ocrx_word' id='word_1_183' title='bbox 1188 2452 1245 2494; x_wconf 93' lang='lat' dir='ltr'>su·</span> 
     </span>
    </p>

    <p class='ocr_par' dir='ltr' id='par_1_9' title="bbox 178 2514 1245 2942">
     <span class='ocr_line' id='line_1_26' title="bbox 178 2514 1245 2599; baseline 0.001 -21"><span class='ocrx_word' id='word_1_184' title='bbox 178 2537 208 2577; x_wconf 82' lang='lat' dir='ltr'>ao</span> <span class='ocrx_word' id='word_1_185' title='bbox 222 2515 353 2596; x_wconf 87' lang='lat' dir='ltr'>periore3</span> <span class='ocrx_word' id='word_1_186' title='bbox 376 2524 424 2588; x_wconf 89' lang='lat' dir='ltr'>ut,</span> <span class='ocrx_word' id='word_1_187' title='bbox 447 2514 500 2594; x_wconf 93' lang='lat' dir='ltr'>qui</span> <span class='ocrx_word' id='word_1_188' title='bbox 513 2515 768 2596; x_wconf 87' lang='lat' dir='ltr'>propinquitatem</span> <span class='ocrx_word' id='word_1_189' title='bbox 782 2516 840 2577; x_wconf 92' lang='lat' dir='ltr'>loci</span> <span class='ocrx_word' id='word_1_190' title='bbox 855 2517 985 2591; x_wconf 90' lang='lat' dir='ltr'>videret,</span> <span class='ocrx_word' id='word_1_191' title='bbox 1008 2526 1133 2597; x_wconf 91' lang='lat' dir='ltr'>paratos</span> <span class='ocrx_word' id='word_1_192' title='bbox 1149 2537 1245 2599; x_wconf 92' lang='lat' dir='ltr'>prope</span> 
     </span>
     <span class='ocr_line' id='line_1_27' title="bbox 223 2601 1244 2684; baseline 0.003 -21"><span class='ocrx_word' id='word_1_193' title='bbox 223 2621 316 2682; x_wconf 89' lang='lat' dir='ltr'>aequo</span> <span class='ocrx_word' id='word_1_194' title='bbox 343 2601 445 2663; x_wconf 91' lang='lat' dir='ltr'>Marte</span> <span class='ocrx_word' id='word_1_195' title='bbox 467 2602 508 2662; x_wconf 90' lang='lat' dir='ltr'>ad</span> <span class='ocrx_word' id='word_1_196' title='bbox 529 2601 727 2663; x_wconf 89' lang='lat' dir='ltr'>dimicandum</span> <span class='ocrx_word' id='word_1_197' title='bbox 751 2603 949 2676; x_wconf 87' lang='lat' dir='ltr'>existimaret,</span> <span class='ocrx_word' id='word_1_198' title='bbox 978 2603 1028 2684; x_wconf 92' lang='lat' dir='ltr'>qui</span> <span class='ocrx_word' id='word_1_199' title='bbox 1049 2602 1244 2684; x_wconf 90' lang='lat' dir='ltr'>iniquitatem</span> 
     </span>
     <span class='ocr_line' id='line_1_28' title="bbox 222 2687 1245 2774; baseline 0.002 -25"><span class='ocrx_word' id='word_1_200' title='bbox 222 2687 404 2774; x_wconf 68' lang='lat' dir='ltr'>condicionis</span> <span class='ocrx_word' id='word_1_201' title='bbox 437 2687 633 2767; x_wconf 89' lang='lat' dir='ltr'>perspiceret,</span> <span class='ocrx_word' id='word_1_202' title='bbox 667 2688 751 2749; x_wconf 89' lang='lat' dir='ltr'>inani</span> <span class='ocrx_word' id='word_1_203' title='bbox 778 2688 970 2751; x_wconf 89' lang='lat' dir='ltr'>simulatione</span> <span class='ocrx_word' id='word_1_204' title='bbox 997 2709 1064 2750; x_wconf 91' lang='lat' dir='ltr'>sese</span> <span class='ocrx_word' id='word_1_205' title='bbox 1086 2700 1245 2752; x_wconf 87' lang='lat' dir='ltr'>ostentare</span> 
     </span>
     <span class='ocr_line' id='line_1_29' title="bbox 223 2773 1243 2857; baseline 0.005 -23"><span class='ocrx_word' id='word_1_206' title='bbox 223 2782 420 2854; x_wconf 76' lang='lat' dir='ltr'>cognosceret.</span> <span class='ocrx_word' id='word_1_207' title='bbox 463 2774 658 2851; x_wconf 85' lang='lat' dir='ltr'>Indignantes</span> <span class='ocrx_word' id='word_1_208' title='bbox 680 2773 791 2836; x_wconf 89' lang='lat' dir='ltr'>milites</span> <span class='ocrx_word' id='word_1_209' title='bbox 806 2775 929 2848; x_wconf 80' lang='lat' dir='ltr'>Caesar,</span> <span class='ocrx_word' id='word_1_210' title='bbox 953 2778 1033 2857; x_wconf 91' lang='lat' dir='ltr'>quod</span> <span class='ocrx_word' id='word_1_211' title='bbox 1048 2786 1243 2857; x_wconf 90' lang='lat' dir='ltr'>conspectum</span> 
     </span>
     <span class='ocr_line' id='line_1_30' title="bbox 223 2860 1244 2942; baseline 0.003 -21"><span class='ocrx_word' id='word_1_212' title='bbox 223 2878 309 2921; x_wconf 91' lang='lat' dir='ltr'>suum</span> <span class='ocrx_word' id='word_1_213' title='bbox 332 2860 435 2921; x_wconf 90' lang='lat' dir='ltr'>hostes</span> <span class='ocrx_word' id='word_1_214' title='bbox 458 2861 590 2939; x_wconf 72' lang='lat' dir='ltr'>perterre</span> <span class='ocrx_word' id='word_1_215' title='bbox 610 2870 737 2940; x_wconf 90' lang='lat' dir='ltr'>possent</span> <span class='ocrx_word' id='word_1_216' title='bbox 759 2861 876 2923; x_wconf 90' lang='lat' dir='ltr'>tantulo</span> <span class='ocrx_word' id='word_1_217' title='bbox 899 2862 998 2942; x_wconf 91' lang='lat' dir='ltr'>spatio</span> <span class='ocrx_word' id='word_1_218' title='bbox 1013 2863 1186 2937; x_wconf 89' lang='lat' dir='ltr'>interiecto,</span> <span class='ocrx_word' id='word_1_219' title='bbox 1210 2871 1244 2926; x_wconf 89' lang='lat' dir='ltr'>et</span> 
     </span>
    </p>

    <p class='ocr_par' dir='ltr' id='par_1_10' title="bbox 179 2945 1244 3364">
     <span class='ocr_line' id='line_1_31' title="bbox 179 2945 1243 3029; baseline 0.006 -25"><span class='ocrx_word' id='word_1_220' title='bbox 179 2967 208 3007; x_wconf 83' lang='lat' dir='ltr'>oo</span> <span class='ocrx_word' id='word_1_221' title='bbox 222 2947 338 3027; x_wconf 88' lang='lat' dir='ltr'>signum</span> <span class='ocrx_word' id='word_1_222' title='bbox 366 2945 471 3026; x_wconf 92' lang='lat' dir='ltr'>proelii</span> <span class='ocrx_word' id='word_1_223' title='bbox 501 2957 696 3026; x_wconf 82' lang='lat' dir='ltr'>exposcentes</span> <span class='ocrx_word' id='word_1_224' title='bbox 723 2949 843 3023; x_wconf 89' lang='lat' dir='ltr'>edocet,</span> <span class='ocrx_word' id='word_1_225' title='bbox 872 2958 984 3029; x_wconf 90' lang='lat' dir='ltr'>quanto</span> <span class='ocrx_word' id='word_1_226' title='bbox 1008 2949 1187 3011; x_wconf 87' lang='lat' dir='ltr'>detrimento</span> <span class='ocrx_word' id='word_1_227' title='bbox 1211 2959 1243 3010; x_wconf 92' lang='lat' dir='ltr'>et</span> 
     </span>
     <span class='ocr_line' id='line_1_32' title="bbox 222 3032 1241 3112; baseline 0.004 -19"><span class='ocrx_word' id='word_1_228' title='bbox 222 3042 295 3112; x_wconf 93' lang='lat' dir='ltr'>qnot</span> <span class='ocrx_word' id='word_1_229' title='bbox 315 3032 448 3094; x_wconf 85' lang='lat' dir='ltr'>virorum</span> <span class='ocrx_word' id='word_1_230' title='bbox 468 3032 589 3094; x_wconf 86' lang='lat' dir='ltr'>fortium</span> <span class='ocrx_word' id='word_1_231' title='bbox 605 3042 700 3096; x_wconf 89' lang='lat' dir='ltr'>morte</span> <span class='ocrx_word' id='word_1_232' title='bbox 718 3053 842 3096; x_wconf 90' lang='lat' dir='ltr'>necesse</span> <span class='ocrx_word' id='word_1_233' title='bbox 857 3035 899 3096; x_wconf 90' lang='lat' dir='ltr'>sit</span> <span class='ocrx_word' id='word_1_234' title='bbox 912 3043 1051 3096; x_wconf 86' lang='lat' dir='ltr'>constare</span> <span class='ocrx_word' id='word_1_235' title='bbox 1066 3035 1241 3110; x_wconf 79' lang='lat' dir='ltr'>victoriam3</span> 
     </span>
     <span class='ocr_line' id='line_1_33' title="bbox 221 3118 1244 3201; baseline 0.006 -22"><span class='ocrx_word' id='word_1_236' title='bbox 221 3138 296 3200; x_wconf 87' lang='lat' dir='ltr'>quos</span> <span class='ocrx_word' id='word_1_237' title='bbox 329 3138 397 3180; x_wconf 91' lang='lat' dir='ltr'>cum</span> <span class='ocrx_word' id='word_1_238' title='bbox 425 3118 468 3180; x_wconf 91' lang='lat' dir='ltr'>sic</span> <span class='ocrx_word' id='word_1_239' title='bbox 494 3118 595 3180; x_wconf 89' lang='lat' dir='ltr'>animo</span> <span class='ocrx_word' id='word_1_240' title='bbox 617 3129 742 3199; x_wconf 92' lang='lat' dir='ltr'>paratos</span> <span class='ocrx_word' id='word_1_241' title='bbox 763 3121 881 3194; x_wconf 90' lang='lat' dir='ltr'>videat,</span> <span class='ocrx_word' id='word_1_242' title='bbox 915 3129 950 3181; x_wconf 90' lang='lat' dir='ltr'>ut</span> <span class='ocrx_word' id='word_1_243' title='bbox 971 3121 1085 3182; x_wconf 88' lang='lat' dir='ltr'>nullum</span> <span class='ocrx_word' id='word_1_244' title='bbox 1106 3140 1163 3201; x_wconf 88' lang='lat' dir='ltr'>pro</span> <span class='ocrx_word' id='word_1_245' title='bbox 1184 3142 1244 3185; x_wconf 81' lang='lat' dir='ltr'>sna</span> 
     </span>
     <span class='ocr_line' id='line_1_34' title="bbox 221 3204 1241 3287; baseline 0.004 -21"><span class='ocrx_word' id='word_1_246' title='bbox 221 3205 310 3267; x_wconf 88' lang='lat' dir='ltr'>laude</span> <span class='ocrx_word' id='word_1_247' title='bbox 332 3204 496 3285; x_wconf 90' lang='lat' dir='ltr'>periculum</span> <span class='ocrx_word' id='word_1_248' title='bbox 518 3216 672 3280; x_wconf 89' lang='lat' dir='ltr'>recusent,</span> <span class='ocrx_word' id='word_1_249' title='bbox 695 3227 830 3269; x_wconf 90' lang='lat' dir='ltr'>summae</span> <span class='ocrx_word' id='word_1_250' title='bbox 853 3226 885 3268; x_wconf 92' lang='lat' dir='ltr'>se</span> <span class='ocrx_word' id='word_1_251' title='bbox 907 3207 1074 3287; x_wconf 89' lang='lat' dir='ltr'>iniquitatis</span> <span class='ocrx_word' id='word_1_252' title='bbox 1094 3210 1241 3270; x_wconf 83' lang='lat' dir='ltr'>condem-</span> 
     </span>
     <span class='ocr_line' id='line_1_35' title="bbox 221 3291 1243 3364; baseline 0.004 -11"><span class='ocrx_word' id='word_1_253' title='bbox 221 3292 288 3353; x_wconf 84' lang='lat' dir='ltr'>nari</span> <span class='ocrx_word' id='word_1_254' title='bbox 315 3292 437 3364; x_wconf 89' lang='lat' dir='ltr'>debere,</span> <span class='ocrx_word' id='word_1_255' title='bbox 471 3291 530 3353; x_wconf 92' lang='lat' dir='ltr'>nisi</span> <span class='ocrx_word' id='word_1_256' title='bbox 556 3311 657 3353; x_wconf 91' lang='lat' dir='ltr'>eorum</span> <span class='ocrx_word' id='word_1_257' title='bbox 684 3293 779 3354; x_wconf 87' lang='lat' dir='ltr'>vitam</span> <span class='ocrx_word' id='word_1_258' title='bbox 807 3312 864 3354; x_wconf 87' lang='lat' dir='ltr'>sua</span> <span class='ocrx_word' id='word_1_259' title='bbox 885 3292 984 3354; x_wconf 88' lang='lat' dir='ltr'>salute</span> <span class='ocrx_word' id='word_1_260' title='bbox 1005 3293 1120 3356; x_wconf 92' lang='lat' dir='ltr'>habeat</span> <span class='ocrx_word' id='word_1_261' title='bbox 1140 3295 1243 3357; x_wconf 59' lang='lat' dir='ltr'>cario*</span> 
     </span>
    </p>

    <p class='ocr_par' dir='ltr' id='par_1_11' title="bbox 177 3375 1243 3613">
     <span class='ocr_line' id='line_1_36' title="bbox 177 3375 1243 3449; baseline 0.005 -11"><span class='ocrx_word' id='word_1_262' title='bbox 177 3399 207 3439; x_wconf 79' lang='lat' dir='ltr'>se</span> <span class='ocrx_word' id='word_1_263' title='bbox 221 3397 293 3440; x_wconf 89' lang='lat' dir='ltr'>rem.</span> <span class='ocrx_word' id='word_1_264' title='bbox 336 3375 389 3439; x_wconf 83' lang='lat' dir='ltr'>Sic</span> <span class='ocrx_word' id='word_1_265' title='bbox 415 3377 525 3439; x_wconf 89' lang='lat' dir='ltr'>milites</span> <span class='ocrx_word' id='word_1_266' title='bbox 552 3379 725 3441; x_wconf 89' lang='lat' dir='ltr'>consolatus</span> <span class='ocrx_word' id='word_1_267' title='bbox 752 3380 856 3440; x_wconf 90' lang='lat' dir='ltr'>eodem</span> <span class='ocrx_word' id='word_1_268' title='bbox 879 3379 927 3440; x_wconf 92' lang='lat' dir='ltr'>die</span> <span class='ocrx_word' id='word_1_269' title='bbox 949 3379 1064 3441; x_wconf 91' lang='lat' dir='ltr'>reducit</span> <span class='ocrx_word' id='word_1_270' title='bbox 1083 3380 1116 3449; x_wconf 90' lang='lat' dir='ltr'>in</span> <span class='ocrx_word' id='word_1_271' title='bbox 1138 3389 1243 3445; x_wconf 89' lang='lat' dir='ltr'>castra</span> 
     </span>
     <span class='ocr_line' id='line_1_37' title="bbox 221 3464 1241 3547; baseline 0.005 -22"><span class='ocrx_word' id='word_1_272' title='bbox 221 3464 409 3544; x_wconf 89' lang='lat' dir='ltr'>reliquaque,</span> <span class='ocrx_word' id='word_1_273' title='bbox 443 3483 518 3543; x_wconf 91' lang='lat' dir='ltr'>quae</span> <span class='ocrx_word' id='word_1_274' title='bbox 551 3466 590 3526; x_wconf 90' lang='lat' dir='ltr'>ad</span> <span class='ocrx_word' id='word_1_275' title='bbox 618 3465 872 3546; x_wconf 85' lang='lat' dir='ltr'>oppugnationem</span> <span class='ocrx_word' id='word_1_276' title='bbox 898 3465 1094 3545; x_wconf 88' lang='lat' dir='ltr'>pertinebant</span> <span class='ocrx_word' id='word_1_277' title='bbox 1120 3467 1241 3547; x_wconf 81' lang='lat' dir='ltr'>oppidi,</span> 
     </span>
     <span class='ocr_line' id='line_1_38' title="bbox 221 3549 592 3613; baseline 0.005 -2"><span class='ocrx_word' id='word_1_278' title='bbox 221 3550 430 3612; x_wconf 87' lang='lat' dir='ltr'>administrare</span> <span class='ocrx_word' id='word_1_279' title='bbox 451 3549 592 3613; x_wconf 89' lang='lat' dir='ltr'>institnit.</span> 
     </span>
    </p>

    <p class='ocr_par' dir='ltr' id='par_1_12' title="bbox 178 3636 1242 3807">
     <span class='ocr_line' id='line_1_39' title="bbox 178 3636 1242 3718; baseline 0.006 -22"><span class='ocrx_word' id='word_1_280' title='bbox 178 3637 213 3688; x_wconf 78' lang='lat'>20</span> <span class='ocrx_word' id='word_1_281' title='bbox 284 3636 527 3716; x_wconf 86' lang='lat' dir='ltr'>Vercingetorix,</span> <span class='ocrx_word' id='word_1_282' title='bbox 550 3655 616 3698; x_wconf 89' lang='lat' dir='ltr'>cum</span> <span class='ocrx_word' id='word_1_283' title='bbox 639 3638 679 3699; x_wconf 90' lang='lat' dir='ltr'>ad</span> <span class='ocrx_word' id='word_1_284' title='bbox 701 3656 771 3699; x_wconf 89' lang='lat' dir='ltr'>suos</span> <span class='ocrx_word' id='word_1_285' title='bbox 793 3637 937 3711; x_wconf 89' lang='lat' dir='ltr'>redisset,</span> <span class='ocrx_word' id='word_1_286' title='bbox 960 3638 1140 3718; x_wconf 88' lang='lat' dir='ltr'>proditionis</span> <span class='ocrx_word' id='word_1_287' title='bbox 1162 3639 1242 3702; x_wconf 78' lang='lat' dir='ltr'>insi·</span> 
     </span>
     <span class='ocr_line' id='line_1_40' title="bbox 221 3721 1241 3807; baseline 0.006 -25"><span class='ocrx_word' id='word_1_288' title='bbox 221 3721 367 3796; x_wconf 91' lang='lat' dir='ltr'>mulatus,</span> <span class='ocrx_word' id='word_1_289' title='bbox 402 3724 481 3802; x_wconf 92' lang='lat' dir='ltr'>quod</span> <span class='ocrx_word' id='word_1_290' title='bbox 511 3731 615 3784; x_wconf 89' lang='lat' dir='ltr'>castra</span> <span class='ocrx_word' id='word_1_291' title='bbox 640 3723 763 3803; x_wconf 90' lang='lat' dir='ltr'>propius</span> <span class='ocrx_word' id='word_1_292' title='bbox 785 3724 941 3786; x_wconf 91' lang='lat' dir='ltr'>Romanos</span> <span class='ocrx_word' id='word_1_293' title='bbox 964 3725 1125 3798; x_wconf 86' lang='lat' dir='ltr'>movisset,</span> <span class='ocrx_word' id='word_1_294' title='bbox 1159 3727 1241 3807; x_wconf 88' lang='lat' dir='ltr'>quod</span> 
     </span>
    </p>

    <p class='ocr_par' dir='ltr' id='par_1_13' title="bbox 179 3808 1242 4059">
     <span class='ocr_line' id='line_1_41' title="bbox 179 3808 1242 3892; baseline 0.007 -25"><span class='ocrx_word' id='word_1_295' title='bbox 179 3819 208 3859; x_wconf 71' lang='lat' dir='ltr'><strong><em>w</em></strong></span> <span class='ocrx_word' id='word_1_296' title='bbox 221 3827 287 3868; x_wconf 89' lang='lat' dir='ltr'>cum</span> <span class='ocrx_word' id='word_1_297' title='bbox 316 3808 396 3869; x_wconf 90' lang='lat' dir='ltr'>omni</span> <span class='ocrx_word' id='word_1_298' title='bbox 423 3808 560 3888; x_wconf 91' lang='lat' dir='ltr'>equitatu</span> <span class='ocrx_word' id='word_1_299' title='bbox 587 3808 790 3885; x_wconf 88' lang='lat' dir='ltr'>discessisset,</span> <span class='ocrx_word' id='word_1_300' title='bbox 825 3811 904 3890; x_wconf 91' lang='lat' dir='ltr'>quod</span> <span class='ocrx_word' id='word_1_301' title='bbox 931 3811 996 3872; x_wconf 92' lang='lat' dir='ltr'>sine</span> <span class='ocrx_word' id='word_1_302' title='bbox 1017 3811 1144 3892; x_wconf 92' lang='lat' dir='ltr'>imperio</span> <span class='ocrx_word' id='word_1_303' title='bbox 1166 3821 1242 3874; x_wconf 82' lang='lat' dir='ltr'>tan-</span> 
     </span>
     <span class='ocr_line' id='line_1_42' title="bbox 221 3894 1242 3974; baseline 0.007 -20"><span class='ocrx_word' id='word_1_304' title='bbox 221 3901 270 3954; x_wconf 86' lang='lat' dir='ltr'>tas</span> <span class='ocrx_word' id='word_1_305' title='bbox 292 3894 395 3973; x_wconf 90' lang='lat' dir='ltr'>copias</span> <span class='ocrx_word' id='word_1_306' title='bbox 422 3894 605 3974; x_wconf 85' lang='lat' dir='ltr'>reliquisset,</span> <span class='ocrx_word' id='word_1_307' title='bbox 639 3897 718 3974; x_wconf 92' lang='lat' dir='ltr'>quod</span> <span class='ocrx_word' id='word_1_308' title='bbox 746 3896 809 3958; x_wconf 92' lang='lat' dir='ltr'>eius</span> <span class='ocrx_word' id='word_1_309' title='bbox 837 3897 970 3960; x_wconf 88' lang='lat' dir='ltr'>discessu</span> <span class='ocrx_word' id='word_1_310' title='bbox 996 3898 1129 3960; x_wconf 84' lang='lat' dir='ltr'>Romani</span> <span class='ocrx_word' id='word_1_311' title='bbox 1149 3907 1242 3961; x_wconf 83' lang='lat' dir='ltr'>tanta</span> 
     </span>
     <span class='ocr_line' id='line_1_43' title="bbox 222 3979 1242 4059; baseline 0.009 -19"><span class='ocrx_word' id='word_1_312' title='bbox 222 3979 446 4059; x_wconf 87' lang='lat' dir='ltr'>opportunitate</span> <span class='ocrx_word' id='word_1_313' title='bbox 479 3991 510 4041; x_wconf 91' lang='lat' dir='ltr'>et</span> <span class='ocrx_word' id='word_1_314' title='bbox 541 3979 694 4044; x_wconf 85' lang='lat' dir='ltr'>celeritate</span> <span class='ocrx_word' id='word_1_315' title='bbox 726 3983 895 4046; x_wconf 88' lang='lat' dir='ltr'>venissent:</span> <span class='ocrx_word' id='word_1_316' title='bbox 933 4003 994 4047; x_wconf 91' lang='lat' dir='ltr'>non</span> <span class='ocrx_word' id='word_1_317' title='bbox 1025 3984 1103 4047; x_wconf 86' lang='lat' dir='ltr'>haec</span> <span class='ocrx_word' id='word_1_318' title='bbox 1134 3985 1242 4049; x_wconf 79' lang='lat' dir='ltr'>omnia</span> 
     </span>
    </p>
   </div>
   <div class='ocr_carea' id='block_1_4' title="bbox 0 0 1312 4492">
    <p class='ocr_par' dir='ltr' id='par_1_14' title="bbox 0 0 1312 4492">
     <span class='ocr_line' id='line_1_44' title="bbox 0 0 1312 4492; baseline 0 1"><span class='ocrx_word' id='word_1_319' title='bbox 0 0 1312 4492; x_wconf 95' lang='lat' dir='ltr'> </span> 
     </span>
    </p>
   </div>
  </div>
 </body>
</html>
