2616 4492
226 254 288 335 le‘
551 286 600 335 nn
622 286 740 334 annno
764 286 920 335 cmnrco

223 427 362 489 insuam
384 435 567 508 potestatem
590 428 796 506 desperasset,
824 427 993 507 proximum
1015 446 1089 489 snae
1111 429 1245 509 dignita-

222 515 263 576 tis
292 534 359 576 esse
386 515 516 576 ducebat
542 514 620 575 adeo
643 514 718 575 fines
742 515 806 576 eius
828 523 950 575 vastare
972 514 1102 589 civibus,
1137 516 1245 577 aedifi-

224 601 292 675 ciis,
321 620 442 680 pecore,
471 610 505 661 ut
526 601 594 662 odio
618 620 741 663 suorum
764 600 938 675 Ambiorix,
974 600 1000 661 si
1025 620 1101 680 quos
1123 603 1247 663 fortuna

223 687 353 768 reliquos
380 687 517 761 fecisset,
552 688 667 749 nullum
695 688 823 750 reditum
845 697 968 767 propter
989 697 1094 748 tantas
1117 687 1246 749 calami-

195 784 303 836 states
325 774 453 834 haberet
473 773 506 834 in
528 775 690 835 civitatem.

180 861 214 913 25
288 859 363 921 Cum
385 860 417 920 in
440 879 544 920 omnes
567 862 642 921 fines
665 861 850 940 Ambiorigis
873 869 926 922 aut
940 859 1071 938 legiones
1086 869 1141 920 aut
1155 860 1246 920 auxi-

222 946 265 1008 lia
298 946 462 1007 dimisisset
493 956 584 1026 atque
617 947 717 1008 omnia
749 947 906 1021 caedibus,
940 945 1100 1018 incendiis,
1128 945 1246 1025 rapinis

221 1041 392 1106 vastasset,
427 1052 536 1114 magno
564 1053 687 1095 numero
715 1033 868 1094 hominum
895 1033 1050 1105 interfecto
1079 1039 1134 1092 aut
1155 1040 1246 1112 capto

222 1119 393 1180 Labienum
431 1139 498 1182 cum
536 1121 653 1181 duabus
686 1119 853 1199 legionibus
885 1120 917 1182 in
951 1119 1101 1180 Treveros
1134 1119 1246 1191 mittit,

180 1220 208 1268 ιό
223 1224 349 1286 quorum
372 1205 479 1267 civitas
502 1214 625 1287 propter
646 1205 829 1267 Germaniae
849 1205 1038 1267 vicinitatem
1061 1204 1246 1284 quotidianis

223 1292 355 1353 exercite
387 1291 475 1353 bellis
502 1293 584 1354 cultu
612 1302 643 1353 et
668 1292 789 1354 feritate
811 1313 872 1355 non
893 1292 1017 1354 multum
1040 1310 1060 1351 a
1082 1290 1244 1354 Germanis

223 1379 382 1441 differebat
414 1397 512 1458 neque
538 1379 689 1460 imperata
720 1398 863 1459 nmquam
889 1380 949 1441 nisi
976 1377 1109 1440 exercitu
1137 1388 1244 1440 coacta

222 1465 362 1527 faciebat

179 1555 213 1607 26
286 1551 411 1613 Interim
439 1549 536 1612 Gaius
550 1550 709 1613 -Caninius
736 1550 854 1630 legatus
882 1570 948 1612 cum
976 1568 1118 1630 magnam
1140 1549 1246 1610 multi-

180 1662 206 1700 ra
223 1638 359 1700 tudinem
392 1637 570 1699 convenisse
601 1637 733 1699 hostium
765 1637 798 1698 iu
830 1637 907 1698 fines
938 1636 1098 1697 Pictonum
1134 1634 1246 1697 litteris

222 1725 395 1805 nuntiisque
427 1724 549 1785 Duratii
577 1733 782 1805 cognosceret,
817 1724 867 1804 qui
892 1732 1036 1802 perpetuo
1059 1721 1091 1783 in
1113 1721 1247 1784 amicitia

222 1820 376 1873 manserat
407 1810 628 1885 Romanorum,
663 1829 729 1871 cum
755 1829 828 1890 pars
854 1810 1002 1889 quaedam
1024 1807 1160 1870 civitatis
1182 1809 1245 1871 eius

223 1898 396 1972 deiecisset,
431 1899 471 1959 ad
504 1898 647 1978 oppidum
679 1896 837 1958 Limonem
871 1894 1034 1979 contendit
1079 1891 1150 1964 Quo
1177 1913 1245 1956 eum

223 1985 404 2045 adventaret
436 1994 527 2063 atque
560 2003 598 2045 ex
630 1983 757 2062 captivis
786 1982 895 2044 certius
922 1985 1114 2060 cognosceret
1140 1981 1245 2043 multis

179 2079 208 2132 ἰο
222 2069 375 2130 hominum
404 2069 524 2130 milibus
553 2090 572 2130 a
597 2069 772 2143 Dumnaco,
803 2070 877 2130 duce
899 2066 1048 2140 Andium,
1082 2067 1245 2130 Duratium

223 2155 356 2217 clausum
378 2156 506 2216 Limone
528 2155 695 2235 oppugnari
717 2173 813 2235 neque
834 2155 968 2216 infirmas
990 2153 1123 2233 legiones
1145 2154 1247 2216 hosti=¹

221 2243 279 2302 bus
299 2241 483 2302 committere
506 2243 643 2313 auderet,
668 2251 771 2302 castra
791 2241 892 2320 posuit
913 2240 977 2302 loco
996 2239 1122 2301 munito.
1144 2240 1246 2301 Dum-

222 2347 315 2389 nacus
338 2347 404 2388 cum
422 2329 660 2407 adpropinquare
672 2326 833 2388 Caninium
843 2335 1017 2413 cognosset,
1039 2325 1133 2406 copiis
1146 2327 1245 2388 omni·-

222 2416 279 2475 bus
308 2415 348 2475 ad
375 2414 509 2494 legiones
537 2413 690 2475 conversis
718 2424 820 2475 castra
840 2413 1048 2475 Romanorum
1071 2430 1246 2492 oppugnare

179 2513 208 2563 aa
222 2500 364 2561 instituit.
408 2499 486 2561 Cum
507 2499 675 2579 complures
698 2498 762 2561 dies
784 2500 816 2560 in
839 2499 1060 2579 oppugnatione
1082 2511 1246 2579 consump=

223 2586 315 2647 sisset
336 2593 368 2646 et
388 2604 497 2665 magno
520 2605 642 2647 suorum
664 2586 841 2648 detrimento
864 2585 978 2647 nullam
999 2592 1119 2665 partem
1141 2585 1245 2647 muni*

222 2671 337 2733 tionum
360 2673 528 2733 convellere
549 2672 713 2752 potuisset,
737 2693 840 2735 rursus
864 2674 904 2735 ad
924 2672 1123 2736 obsidendum
1136 2669 1244 2734 Limo-

222 2777 291 2819 nem
313 2758 411 2820 rediit.

178 2841 213 2902 27
285 2844 401 2906 Eodem
429 2849 566 2924 tempore
591 2843 629 2905 G.
651 2844 767 2906 Fabius
793 2844 911 2925 legatus
939 2844 1107 2924 complures
1134 2843 1245 2909 civius

177 2955 207 2994 ao
221 2938 268 2992 tes
290 2930 433 2992 infidam
455 2931 575 3010 recipit,
600 2930 756 2993 obsidibus
778 2931 879 2992 firmat
900 2930 1069 3011 litterisque
1092 2929 1165 2992 Gaii
1178 2929 1244 2991 Oa-

221 3017 295 3078 ninii
316 3016 417 3079 Rebili
440 3018 475 3078 lit
496 3016 614 3090 certior,-
637 3036 715 3096 quae
737 3017 769 3078 iu
790 3017 968 3079 Pictonibus
984 3026 1136 3097 gerantur.
1165 3014 1245 3086 Qui-¹

219 3104 277 3165 bus
310 3105 401 3166 rebus
429 3103 555 3184 cognitis
581 3103 785 3183 proficiscitur
809 3105 849 3165 ad
878 3102 1022 3165 auxilium
1044 3103 1176 3165 Duratio
1196 3104 1245 3164 502

220 3191 355 3252 rendum.
400 3188 446 3250 At
471 3190 647 3251 Dumnacus
676 3191 807 3253 adventu
829 3190 918 3251 Fabii
940 3189 1059 3270 cognito
1081 3190 1245 3270 desperata)

220 3276 335 3350 salute,
359 3275 385 3337 si
407 3286 542 3355 tempore
566 3277 669 3337 eodem
691 3287 812 3338 coactus
836 3286 918 3338 esset
940 3286 971 3337 et
993 3286 1149 3339 externum
1172 3289 1244 3337 ansb

175 3387 204 3425 aa
220 3363 315 3424 tinere
342 3362 461 3423 hostem
489 3371 520 3422 et
545 3360 693 3442 respicere
721 3381 757 3423 ac
779 3363 884 3424 timere
907 3363 1090 3443 oppidanos,
1119 3371 1244 3442 repente

220 3468 257 3509 ex
279 3469 314 3510 eo
337 3447 402 3510 loco
425 3467 490 3509 cum
513 3448 605 3527 copiis
628 3449 741 3510 recedit
762 3467 818 3509 nec
840 3469 873 3510 se
895 3449 971 3511 satis
992 3457 1091 3511 tutum
1110 3451 1175 3511 lore
1190 3459 1246 3510 aris·

218 3535 360 3607 bitratur‚
394 3535 452 3596 nisi
484 3534 604 3596 flumine
636 3533 753 3614 Ligeri,
789 3537 868 3615 quod
901 3544 967 3610 erat
999 3547 1091 3616 ponte
1117 3543 1244 3616 propter

218 3621 458 3701 magnitudinem
490 3622 723 3694 transeundum,
757 3621 860 3700 copias
887 3621 1082 3684 traduxisset.
1126 3621 1242 3684 Fabius

220 3707 278 3768 etsi
311 3710 444 3769 nondum
476 3708 508 3768 in
541 3716 733 3786 conspectum
766 3717 893 3769 venerat
918 3709 1057 3771 hostibus
1084 3728 1180 3789 neque
1208 3710 1245 3770 se‘

175 3800 205 3855 lo
219 3792 346 3855 Caninio
375 3793 585 3866 coniunxerat,
620 3804 722 3854 tamen
750 3795 855 3855 doctus
883 3796 921 3856 ab
948 3795 1001 3869 iis,
1037 3795 1087 3876 qui
1109 3792 1243 3858 locorum

218 3888 368 3941 noverant
394 3889 551 3952 naturam,
581 3879 771 3959 potissimum
794 3881 918 3943 credidit
939 3882 1043 3944 hostes
1065 3879 1246 3961 perterritos

219 3974 288 4027 enm
310 3966 424 4038 locum,
447 3985 534 4048 quem
556 3966 715 4046 petebant,
739 3967 900 4046 petituros·
929 3969 1037 4048 Itaque
1059 3988 1127 4030 cnm
1148 3967 1246 4048 copiis
