2616 4492
228 296 288 357 132
476 265 483 275 ’
553 308 601 354 nn
624 306 741 354 annuo
766 306 920 354 caturco

228 450 306 530 quod
329 469 348 510 a
370 468 402 509 se
425 447 520 509 teneri
543 468 603 509 non
625 446 715 528 poste
736 447 926 519 iudicabant,
949 463 987 507 ne
1009 445 1056 508 cui
1079 456 1162 506 esset
1183 446 1256 507 usui

228 535 390 607 Romanis
423 534 636 607 incenderunt3
669 535 810 595 frumenti
844 535 923 614 quod
958 533 1057 594 subito
1090 540 1256 611 potuerunt

229 623 356 684 navibus
385 630 566 694 avexerunt,
597 621 741 700 reliquum
765 620 886 681 flumine
909 627 1000 699 atque
1021 618 1159 679 incendio
1183 637 1256 678 cor-

229 717 382 789 ruperunt.
426 708 489 787 Ipsi
513 727 550 768 ex
564 708 699 768 finitimis
715 706 884 786 regionibus
900 706 1002 785 copias
1018 724 1136 784 cogere,
1160 724 1256 784 prae-

200 798 217 861 a'
230 796 307 857 sidia
334 795 543 874 custodiasque
572 796 611 854 ad
638 794 720 873 ripas
743 793 860 873 Ligeris
884 793 1042 871 disponere
1066 791 1256 870 equitatum-

230 902 287 962 que
315 880 453 942 omnibus
481 880 554 941 locis
579 879 730 941 iniioiendi
752 879 868 940 timoris
892 897 984 939 causa
1006 886 1160 939 ostentare
1183 896 1256 938 coe-

229 977 353 1048 perunt,
378 966 404 1026 si
427 969 465 1027 ab
488 986 521 1028 re
542 966 739 1027 frumentaria
760 965 916 1027 Romanos
940 965 1095 1025 excludere
1119 973 1172 1024 aut
1194 965 1256 1024 ad-

230 1056 334 1115 ductos
356 1053 458 1132 inopia
479 1053 511 1113 in
532 1053 717 1132 provinciam
739 1052 888 1132 expellere
910 1059 1043 1131 possent.
1088 1047 1190 1118 Quam
1214 1051 1256 1111 ad

231 1160 314 1220 spem
338 1139 464 1200 multum
487 1158 538 1200 eos
561 1139 741 1213 adiuvabat,
765 1139 845 1218 quod
866 1138 957 1217 Liger
980 1140 1017 1197 ex
1039 1136 1161 1197 nivibus
1184 1155 1255 1197 ore-

187 1253 216 1291 ro
230 1235 330 1298 verat,
354 1233 388 1286 ut
410 1226 530 1287 omnino
552 1228 630 1286 vado
653 1244 713 1286 uon
734 1244 826 1304 posse
848 1223 972 1285 transiri
993 1223 1156 1284 videretur.

188 1319 221 1371 56
295 1310 412 1381 Quibus
445 1313 535 1374 rebus
569 1311 694 1391 coguitis
722 1310 835 1372 Caesar
865 1311 1075 1371 maturandum
1099 1309 1158 1369 sibi
1180 1327 1255 1368 cen·

231 1398 306 1473 suit,
341 1398 366 1459 si
394 1407 477 1460 esset
502 1399 533 1461 in
560 1397 750 1478 perficiendis
773 1397 915 1476 pontibus
937 1395 1184 1475 periclitandum,
1220 1402 1256 1455 ut

230 1485 330 1565 prius,
354 1504 441 1564 quam
465 1482 567 1546 essen't
589 1484 717 1546 maiores
741 1503 775 1544 eo
799 1490 919 1544 coactae
941 1482 1058 1561 copiae,
1087 1480 1254 1542 dimicaret.

230 1572 319 1633 Nam·
338 1580 371 1631 ut
399 1579 582 1632 commutato
606 1570 728 1632 consilio
751 1570 808 1631 iter
829 1569 859 1630 in
882 1568 1068 1648 provinciam
1091 1574 1252 1628 converte-

192 1681 217 1718 re
231 1667 292 1732 ret,
316 1667 350 1718 ut
371 1675 457 1719 nemo
480 1667 544 1718 tum
567 1657 686 1737 quidem
708 1655 878 1718 necessario
900 1654 1072 1715 faciundum
1096 1653 1254 1715 existimu-

230 1745 299 1817 bat,
328 1763 394 1805 oum
416 1744 542 1805 infamia
563 1753 654 1823 atque
674 1742 839 1824 indignitas
866 1741 910 1802 rei
933 1748 964 1802 et
986 1740 1142 1820 oppositus
1165 1758 1254 1800 mons

231 1830 374 1891 Cevenna
400 1830 575 1909 viarumque
598 1830 757 1892 difficultas
780 1827 978 1908 impediebat,
1013 1835 1076 1888 tum
1104 1826 1253 1898 maxime,

232 1917 311 1996 quod
344 1916 483 1976 abiuncto
515 1916 650 1977 Labieno
684 1924 773 1996 atque
806 1915 843 1976 iis
871 1914 1053 1994 legionibus,
1088 1932 1165 1993 quas
1193 1931 1255 1973 una

231 2003 369 2074 miserat,
403 2003 597 2063 vehementer
629 2003 765 2063 timebat.
809 2001 917 2081 Itaque
946 2001 1105 2062 admodum
1134 1999 1252 2079 magnis

189 2111 217 2148 ao
232 2088 346 2149 diurnis
380 2087 590 2166 nocturnisque
623 2088 781 2149 itineribus
815 2087 956 2149 confectis
985 2095 1092 2147 contra
1121 2085 1253 2146 omnium

232 2173 401 2253 opinionem
429 2176 468 2235 ad
489 2174 628 2253 Ligerem
651 2174 735 2235 venit
755 2175 894 2254 vadoque
915 2192 969 2252 per
991 2173 1106 2251 equites
1128 2172 1252 2232 invento

231 2278 285 2338 pro
308 2259 351 2320 rei
373 2260 553 2321 necessitate
576 2269 758 2340 opportuno,
782 2269 816 2319 ut
837 2259 961 2321 brachia
983 2259 1070 2320 modo
1087 2266 1177 2338 atque
1192 2257 1252 2318 hu-

231 2344 305 2406 meri
338 2347 377 2406 ad
410 2346 587 2407 sustinenda
619 2366 704 2408 arma
737 2345 823 2408 liberi
850 2346 889 2406 ab
917 2364 998 2425 aqua
1019 2364 1086 2406 esse
1110 2352 1252 2424 possent,

232 2429 379 2509 disposito
413 2432 563 2511 equitatu,
598 2433 648 2512 qui
680 2432 741 2493 vim
774 2431 905 2493 fluminis
933 2431 1124 2512 refringeret,
1160 2438 1253 2510 atque

190 2540 218 2578 aa
231 2516 369 2577 hostibus
395 2518 492 2596 primo
521 2529 644 2598 aspectu
670 2518 856 2600 perturbatis
884 2518 1060 2579 incolumem
1087 2516 1253 2578 exercitum

232 2603 367 2684 traduxit
392 2604 629 2685 frumentumque
656 2606 688 2667 in
711 2605 791 2686 agris
815 2614 845 2666 et
866 2603 981 2684 pecoris
1004 2604 1121 2683 copiam
1144 2612 1253 2664 nactus

231 2689 414 2768 repletohis
436 2691 524 2752 rebus
548 2692 678 2753 exercitu
701 2692 758 2753 iter
779 2692 810 2752 in
833 2689 969 2752 Senones
991 2691 1089 2751 facere
1110 2688 1252 2750 instituit.

189 2780 222 2834 57
295 2775 376 2836 Dum
398 2777 474 2837 haec
491 2779 576 2857 apud
598 2778 759 2839 Caesarem
783 2785 933 2857 geruntur,
956 2776 1111 2837 Labienus
1127 2795 1162 2836 eo
1178 2794 1253 2855 sup-

231 2862 396 2942 plemento,
420 2865 499 2943 quod
521 2884 616 2943 nuper
638 2884 676 2925 ex
697 2863 788 2925 Italia
809 2872 949 2936 venerat,
974 2862 1077 2923 relicto
1092 2860 1252 2943 Agedinci,

190 2958 263 3031 tout
286 2959 367 3010 esset
388 2950 608 3029 impedimentis
630 2950 798 3029 praesidio,
827 2966 893 3010 cum
916 2964 972 3010 1111
993 2948 1164 3029 legionibus
1186 2948 1253 3010 Lu-

230 3036 335 3096 tetiam
365 3036 570 3116 proficiscitur.
615 3037 651 3097 Id
685 3045 732 3097 est
766 3037 906 3116 oppidum
935 3035 1137 3108 Parisiorum,
1173 3037 1254 3116 quod

229 3123 359 3200 positum
389 3131 436 3183 est
457 3123 488 3184 in
509 3123 610 3185 insula
631 3123 761 3184 fluminis
785 3122 953 3201 Sequanae.
999 3121 1093 3182 Cuius
1116 3123 1253 3183 adventu

230 3209 268 3267 ab
290 3208 426 3269 hostibus
449 3209 566 3288 cognito
588 3229 716 3290 magnae
739 3228 777 3269 ex
798 3208 933 3268 finitimis
956 3207 1129 3269 civitatibus
1147 3209 1253 3290 copiae

150 3345 152 3349 ,
229 3297 439 3356 convenerunt.
474 3293 598 3357 Summa
612 3295 727 3376 imperii
742 3294 874 3357 traditur
888 3293 1092 3374 Camulogeno
1107 3293 1252 3371 Auleroo,

188 3398 215 3435 es
229 3379 278 3456 qui
300 3399 393 3459 prope
413 3382 563 3444 coniectus
579 3391 679 3444 aetate
693 3391 796 3445 tamen
811 3389 935 3460 propter
950 3379 1133 3462 singularem
1150 3381 1253 3444 soien-

200 3497 202 3501 ,
228 3464 302 3525 tiam
326 3466 369 3527 rei
392 3467 592 3546 militarisad
614 3488 682 3530 eum
705 3476 751 3530 est
773 3469 917 3529 honorem
939 3475 1093 3528 evocatus.
1127 3468 1158 3529 Is
1183 3487 1252 3530 curn

227 3551 491 3614 animadvertisset
518 3563 695 3633 perpetuam
723 3573 789 3615 esse
817 3554 974 3633 paludem,
1008 3572 1087 3633 quae
1109 3553 1252 3617 influeret

226 3635 256 3696 in
281 3636 452 3717 Sequanam
477 3649 566 3718 atque
588 3639 673 3700 illum
695 3659 812 3701 omnem
835 3639 930 3701 locum
954 3657 1135 3719 magnopere
1150 3641 1252 3722 impe·

227 3722 318 3795 diret,
343 3724 391 3784 hic
409 3725 548 3786 consedit
570 3734 749 3804 nostrosque
772 3725 900 3786 transitu
921 3726 1081 3805 prohibere
1103 3725 1250 3790 instituit.

193 3813 226 3862 58
289 3808 441 3871 Labienus
469 3812 565 3891 primo
592 3811 697 3872 vineas
726 3830 828 3891 agere,
863 3811 996 3873 cratibus
1026 3820 1117 3892 atque
1140 3832 1251 3896 aggere

183 3916 204 3953 u
225 3893 364 3971 paludem
388 3895 506 3976 explere
530 3908 620 3978 atque
642 3897 700 3958 iter
723 3897 837 3959 munire
860 3898 1036 3960 conabatur.
1080 3899 1251 3980 Postquam

224 3978 256 4042 id
278 3980 425 4043 difficilius
449 3985 568 4046 confieri
590 3984 818 4058 animadvertit,
842 3984 961 4045 silentio
983 4004 1000 4044 e
1021 3984 1130 4048 castris
1153 3986 1250 4048 tertia
