2616 4492
222 276 283 341 106
547 294 596 340 nn
618 292 736 341 annno
760 293 915 342 ennnrco

174 443 210 496 37
282 433 349 494 Hoc
379 432 446 511 ipso
474 443 608 512 tempore
636 442 667 494 et
693 453 766 495 casu
792 433 937 496 Germani
966 433 1082 513 equites
1104 432 1239 496 interve-

219 520 306 581 niunt
337 519 532 598 protinusque
560 521 663 581 eodem
690 521 757 593 illo,
791 540 850 600 quo
882 528 1044 592 venerant,
1078 538 1168 580 cursu
1200 521 1240 582 ab

218 608 383 668 decumana
405 615 495 684 porta
522 606 553 667 in
581 616 682 667 castra
703 607 872 686 inrumpere
893 616 1048 679 conantur,
1079 624 1132 666 nec
1153 606 1238 686 prius

218 700 289 754 sunt
309 692 368 752 visi
391 693 516 752 obiectis
539 693 577 752 ab
601 713 637 752 ea
658 703 745 772 parte
769 693 869 766 silvis,
894 712 984 773 quam
1000 692 1108 752 castris
1125 694 1239 772 adpro-

187 780 410 859 rpinquarent,
441 797 535 857 usque
564 798 598 839 eo
627 787 661 840 ut
683 779 735 859 qui
757 779 812 840 sub
835 779 917 840 vallo
940 780 1099 840 tenderent
1122 798 1241 839 merca-

217 874 300 927 tores
322 864 483 942 recipiendi
506 865 553 925 sui
573 866 747 926 facultatem
771 884 830 926 non
852 866 1007 926 haberent.
1044 864 1242 943 Inopinantes

217 950 316 1012 nostri
343 969 375 1010 re
397 969 477 1010 nova
498 952 714 1029 perturbantur
737 971 772 1012 ac
794 952 846 1012 vix
867 953 995 1030 primum
1021 951 1165 1029 impetum
1188 971 1242 1012 co-

218 1040 289 1098 hors
322 1036 354 1096 in
388 1037 518 1098 statione
553 1037 690 1098 sustinet.
747 1037 1029 1098 Circumfunduntur
1056 1055 1093 1096 ex
1115 1038 1238 1117 reliquis

217 1124 322 1185 hostes
344 1123 496 1201 partibus,
521 1123 547 1184 si
570 1143 658 1203 quem
682 1125 796 1185 aditum
819 1125 949 1202 reperire
971 1132 1105 1203 possent.
1139 1122 1242 1204 Aegre

173 1238 202 1276 ιο
216 1218 321 1289 portas
354 1210 448 1269 nostri
481 1218 617 1282 tuentur;
651 1210 782 1290 reliquos
810 1211 911 1271 aditus
939 1210 1021 1270 locus
1044 1210 1109 1289 ipse
1131 1228 1186 1288 per
1208 1230 1242 1271 se

217 1296 402 1375 munitioque
426 1296 566 1357 defendit.
612 1296 700 1357 Totis
723 1297 892 1376 trepidatur
914 1296 1022 1357 castris
1041 1304 1138 1375 ‚atque
1161 1295 1241 1357 alius

217 1402 254 1443 ex
276 1383 336 1443 alio
359 1400 481 1442 cansam
504 1383 649 1443 tumultus
672 1383 805 1462 quaerit;
829 1402 924 1461 neque
947 1401 1005 1462 quo
1029 1382 1116 1462 signa
1134 1383 1242 1443 ieran-

216 1477 268 1546 tur
300 1487 407 1547 neque·
423 1488 514 1547 quam
541 1469 572 1529 in
603 1479 721 1547 partem
744 1469 867 1549 quisque
890 1468 1049 1529 conveniat
1069 1469 1240 1547 provident.

216 1555 306 1616 Alius
334 1563 435 1615 castra
462 1555 524 1615 iam
550 1563 640 1634 capta
661 1556 852 1634 pronuntiat,
881 1555 958 1616 alius
987 1554 1085 1614 deleto
1108 1555 1241 1616 exercitu

173 1668 201 1706 rs
217 1651 308 1722 atque
330 1641 509 1720 imperatore
532 1642 661 1702 victores
684 1643 830 1702 barbaros
844 1643 964 1702 venisse
980 1640 1148 1714 contendit,
1171 1641 1239 1720 ple-

216 1729 300 1808 rique
333 1747 434 1788 novas
457 1728 515 1788 sibi
542 1747 580 1789 ex
607 1728 672 1790 loco
700 1729 858 1808 religiones
881 1729 997 1807 lingunt
1018 1727 1187 1807 Cottaeque
1209 1736 1241 1789 et

217 1814 326 1875 Titurii
348 1814 565 1888 calamitatem,
590 1815 641 1893 qui
660 1815 691 1876 in
707 1817 810 1875 eodem
827 1814 988 1875 occiderint
1002 1813 1143 1886 castello,
1168 1821 1240 1875 ante

217 1901 318 1962 oculos
351 1910 475 1979 ponunt.
521 1901 591 1961 Tali
623 1901 731 1962 timore
765 1901 903 1962 omnibus
930 1900 1098 1980 perterritis
1126 1901 1240 1961 confir·-

216 1996 316 2047 mator
338 1986 436 2064 opinio
459 1987 615 2058 barbarie,
648 1996 684 2047 ut
711 2006 748 2048 ex
769 1987 888 2065 captivo
912 1986 1089 2058 audierant,
1124 1986 1242 2048 nullum

172 2099 202 2138 20
216 2090 282 2133 esse
314 2071 395 2131 intus
428 2073 621 2150 praesidium.
666 2073 863 2152 Perrumpere
896 2073 1032 2134 nituntur
1059 2092 1152 2152 seque
1180 2072 1241 2152 ipsi

216 2159 427 2230 adhortantur,
452 2176 489 2218 ne
512 2168 629 2219 tantam
651 2159 802 2219 iortnnam
825 2178 863 2219 ex
885 2159 1022 2220 manibus
1046 2158 1212 2220 dimittant

172 2254 207 2305 38
280 2244 357 2304 Erat
385 2261 473 2323 aeger
500 2244 532 2304 in
558 2244 709 2323 praesidio
735 2244 856 2306 relictus
883 2245 919 2306 P.
943 2243 1066 2306 Sextius
1088 2245 1238 2319 Baculus,

216 2331 267 2411 qui
289 2330 416 2410 primum
439 2329 531 2408 pilum
555 2331 636 2409 apud
658 2330 819 2391 Caesarem
841 2332 984 2403 duxerat,
1008 2331 1091 2392 cuius
1105 2331 1241 2392 mentio-

215 2437 284 2479 nem
307 2415 511 2496 superioribus
534 2416 656 2495 proeliis
682 2417 820 2489 fecimus,
850 2436 886 2478 ac
912 2416 991 2478 diem
1013 2417 1074 2478 iarn
1098 2417 1237 2496 quintum

170 2531 200 2569 ra
215 2505 279 2566 cibo
302 2513 447 2564 caruerat.
481 2502 540 2562 Hic
561 2504 676 2563 diffisus
700 2522 773 2563 suae
795 2511 885 2582 atque
901 2503 1032 2563 onmium
1048 2503 1139 2565 saluti
1153 2503 1239 2564 iner-

204 2591 273 2651 mis
301 2608 338 2649 ex
365 2589 557 2651 tabernaculo
580 2590 695 2668 prodit,
730 2589 815 2650 videt
841 2589 997 2650 imminere
1019 2589 1123 2650 hostes
1146 2599 1239 2669 atque

214 2676 247 2737 in
280 2694 395 2735 summo
424 2695 491 2736 esse
524 2695 586 2737 rem
615 2675 798 2750 discrimine,
834 2676 916 2755 capit
943 2694 1029 2742 arma
1051 2696 1070 2737 a
1092 2675 1239 2755 proximis

215 2769 306 2840 atque
332 2760 364 2820 in
391 2770 480 2839 porta
503 2763 650 2823 consistit.
696 2762 927 2842 Consequuntur
949 2762 1027 2822 hunc
1049 2762 1238 2823 centuriones

215 2849 278 2908 eius
302 2847 450 2918 cohortis,
474 2867 549 2928 quae
573 2849 603 2909 in
626 2848 759 2910 statione
783 2858 864 2921 erat;
887 2848 1041 2928 paulisper
1061 2868 1123 2909 una
1144 2867 1238 2928 proe-

71 3006 73 3011 ,
169 2962 200 3000 so
214 2934 286 2995 lium
321 2933 480 2994 sustinent.
523 2935 683 3014 Relinquit
710 2935 827 2996 animus
857 2934 993 2997 Sextium
1016 2935 1160 3014 gravibus
1183 2954 1239 2995 ac·

214 3020 308 3101 ceptis
331 3019 520 3092 vulneribus3
544 3040 631 3099 aegre
654 3041 709 3100 per
730 3042 838 3082 manus
854 3031 970 3082 tractus
986 3029 1132 3083 servatur.
1170 3021 1239 3083 Hoc

214 3108 313 3188 spatio
341 3107 520 3186 interposito
548 3107 654 3187 reliqui
681 3128 748 3169 sese
777 3109 954 3169 confirmant
981 3115 1114 3182 tantum,
1148 3116 1185 3168 ut
1205 3107 1239 3168 in

213 3193 427 3254 munitionibus
461 3193 626 3254 consistere
660 3196 794 3256 audeant
827 3194 1016 3274 speciemque
1044 3195 1237 3255 defensorum

212 3281 386 3360 praebeant.
848 3310 850 3314 ,

168 3374 203 3425 39
276 3366 400 3427 Interim
423 3366 558 3425 coniecta
580 3365 812 3426 frumentatione
834 3364 946 3425 milites
962 3364 1059 3425 nostri
1074 3363 1237 3426 clamorem

167 3453 389 3537 aeexaudiunt3
423 3460 619 3530 praecurrunt
653 3452 782 3531 equites,
817 3460 929 3529 quanto
957 3471 1004 3512 res
1032 3451 1073 3512 sit
1099 3452 1130 3512 in
1152 3452 1239 3531 peri-

212 3539 276 3602 culo
301 3548 490 3619 cognoscunt.
535 3539 594 3599 Hic
614 3558 686 3599 vero
708 3536 793 3597 nulla
814 3537 940 3597 munitio
964 3547 1025 3610 est,
1060 3558 1136 3617 quae
1162 3557 1235 3617 per-

211 3626 331 3687 territos
355 3625 493 3703 recipiat:
519 3627 607 3686 modo
630 3623 790 3701 conscripti
812 3633 901 3702 atque
924 3644 996 3684 usus
1020 3624 1160 3685 militaris
1175 3624 1238 3685 im·

211 3713 300 3792 periti
333 3713 373 3772 ad
388 3759 390 3763 >
405 3712 558 3773 tribunum
592 3710 720 3771 militum
749 3710 995 3789 centurionesque
1025 3729 1079 3771 ora
1106 3731 1237 3772 conver-

167 3823 197 3860 ιο
212 3808 295 3871 tunt;
330 3799 402 3878 quid
435 3799 472 3859 ab
505 3800 553 3879 his
587 3795 786 3877 praecipiatur
814 3806 998 3875 exspectant.
1048 3797 1145 3859 Nemo
1169 3806 1236 3859 tam

212 3892 259 3944 est
285 3885 387 3956 fortis,
423 3885 495 3964 quin
523 3887 566 3946 rei
594 3883 728 3944 novitate
750 3883 950 3961 perturbetur.
994 3884 1125 3945 Barbari
1147 3883 1238 3964 signa

211 3969 321 4050 procul·
336 3971 500 4049 conspicati
516 3969 737 4050 oppugnatione
752 3968 919 4042 desistunt3
943 3970 1058 4031 redisse
1073 3971 1171 4050 primo
1187 3970 1237 4032 le-
