2616 4492
208 288 251 358 54
534 310 583 356 un
605 309 723 358 sunno
746 309 901 358 oauuroo

208 468 280 513 suos
302 450 385 512 vicos
408 449 654 529 remigraverant.
699 449 756 512 His
778 449 943 511 interiectis
966 449 1154 530 navibusque
1176 468 1231 511 eo-

209 554 277 600 rum
299 535 466 616 occupatis,
488 535 666 616 priusquam
688 554 725 597 ea
745 554 818 615 pars
840 535 1065 616 Menapiorum,
1089 554 1166 616 quae
1187 536 1232 597 ci-

209 632 259 685 tra
279 621 419 684 Rhenum
442 630 523 694 erat,
546 622 656 684 certior
676 623 777 695 fieret,
800 623 912 684 flumen
932 622 1120 683 transierunt
1140 630 1231 703 atque

210 709 348 771 omnibus
376 726 479 770 eorum
508 708 652 769 aedificiis
680 708 832 788 occupatis
854 709 999 789 reliquam
1020 717 1138 789 partem
1161 708 1231 770 hie-

181 795 269 858 smis
292 814 325 857 se
346 813 449 855 eorum
471 795 562 874 copiis
585 794 731 855 aluemnt.

177 887 194 936 o
275 881 333 943 His
367 882 404 941 de
436 881 523 942 rebus
557 880 673 942 Caesar
699 880 807 941 certior
833 883 932 942 iactus
966 889 997 942 et
1023 879 1232 942 infirmitatem

212 966 369 1031 Gallorum
390 966 521 1039 veritus,
550 968 631 1047 quod
653 966 777 1028 suntin
800 967 933 1028 consiliis
956 966 1111 1046 capiendis
1133 966 1233 1027 mobi-

211 1053 256 1116 les
284 1062 315 1114 et
341 1053 428 1114 novis
449 1053 626 1134 plerumque
647 1053 738 1114 rebus
760 1054 897 1127 student,
925 1053 1000 1114 nihil
1021 1052 1070 1113 his
1092 1052 1233 1114 commit-

211 1141 335 1202 tendum
359 1138 553 1200 existimavit.
596 1139 656 1201 Est
677 1148 778 1200 autem
799 1140 857 1201 hoc
879 1139 1016 1200 Gallicae
1039 1139 1233 1211 consuetudi-

168 1247 198 1287 ιο
211 1226 275 1299 nis,
309 1225 354 1287 uti
387 1234 418 1286 et
450 1225 583 1287 viatores
617 1225 709 1287 etiam
736 1224 849 1286 invitos
879 1226 1044 1287 consistere
1071 1234 1180 1306 cogant
1201 1234 1233 1286 ct

211 1313 291 1394 quod
313 1311 438 1393 quisque
455 1330 563 1373 eorum
586 1313 623 1373 de
646 1330 763 1392 quaque
785 1331 818 1372 re
840 1312 968 1373 audierit
990 1321 1045 1373 aut
1059 1312 1233 1391 cognoverit

211 1406 374 1481 quaerant,
408 1407 439 1459 et
471 1406 652 1460 mercatores
684 1398 715 1458 iu
750 1398 867 1477 oppidis
894 1398 1003 1478 vulgus
1032 1397 1234 1459 circumsistat

211 1485 379 1567 quibusque
407 1504 445 1546 ex
472 1484 643 1564 regionibus
671 1483 796 1545 veniant
824 1503 960 1565 quasque
986 1484 1028 1546 ibi
1050 1503 1098 1545 res
1121 1502 1233 1563 eogno-

211 1571 312 1633 verint
339 1571 536 1651 pronuntiare
561 1579 678 1651 cogant.
723 1570 780 1631 His
803 1572 893 1632 rebus
916 1580 1006 1651 atque
1029 1570 1234 1632 auditionibus

168 1681 196 1720 rs
211 1657 340 1739 permoti
367 1657 404 1718 de
433 1657 557 1718 summis
580 1676 672 1737 saepe
694 1656 784 1718 rebus
806 1656 932 1719 consilia
952 1657 1072 1731 ineunt,
1107 1675 1234 1737 quorum

212 1762 263 1806 eos
285 1744 317 1805 in
338 1742 467 1824 vestigio
489 1743 643 1823 poenitere
666 1762 788 1804 necesse
811 1753 873 1816 est,
896 1762 962 1804 cum
984 1743 1108 1804 incertis
1125 1760 1233 1804 rumo-

211 1830 295 1892 ribus
323 1830 457 1891 serviant
484 1839 515 1890 et
536 1829 671 1911 plerique
693 1830 733 1890 ad
754 1829 942 1891 voluntatem
965 1842 1067 1891 eorum
1089 1830 1162 1890 ficta
1181 1848 1233 1890 rc-

212 1917 390 1996 spondeant
1199 1942 1202 1947 ·

177 2005 195 2057 6
277 1999 349 2071 Qua
381 2000 597 2062 consuetudine
629 2000 749 2080 cognita
777 2000 901 2074 Caesar,
937 2020 974 2062 ne
1002 2001 1133 2079 graviori
1153 2001 1234 2063 bello

169 2110 199 2149 ro
213 2095 398 2159 occurreret,
426 2087 572 2147 maturius
600 2104 691 2166 quam
713 2095 873 2148 consuerat
894 2088 934 2148 ad
957 2087 1119 2148 exercitum
1140 2089 1235 2167 profi-

213 2173 343 2235 ciscitur.
377 2173 423 2233 Eo
447 2190 514 2234 cum
536 2172 686 2244 venisset,
711 2191 762 2247 ea,
786 2193 864 2252 quae
885 2174 949 2235 iore
971 2174 1141 2253 suspicatus
1157 2183 1233 2249 erat,

211 2262 294 2322 iacta
320 2258 473 2342 coguovit:
501 2259 612 2319 missas
634 2256 799 2338 legationes
823 2260 861 2321 ab
883 2259 1036 2321 nonnullis
1060 2260 1233 2322 civitatibus

213 2347 254 2408 ad
276 2345 443 2408 Germanos
465 2344 669 2423 invitatusque
693 2363 760 2418 cos,
783 2346 827 2406 uti
849 2347 889 2407 ab
910 2346 1018 2408 Rheno
1034 2346 1232 2420 discederent,

214 2432 387 2512 omniaque,
421 2450 497 2512 quae
529 2431 753 2510 postulassent,
789 2433 828 2492 ab
856 2452 889 2493 se
915 2434 978 2494 iore
998 2441 1118 2512 parata.
1163 2430 1235 2502 Qua

169 2537 267 2599 caspe
295 2518 415 2579 adducti
443 2516 588 2579 Germani
617 2516 708 2578 latius
731 2519 922 2598 vagabantur
943 2527 974 2580 et
995 2519 1026 2579 in
1048 2520 1123 2580 fines
1145 2519 1234 2580 Ebu-

213 2623 320 2668 ronum
353 2614 383 2665 et
415 2603 652 2678 Condrusorum,
687 2604 737 2683 qui
765 2613 836 2665 sunt
863 2606 1062 2666 Treverorum
1091 2605 1232 2679 clientes,

212 2699 423 2772 pervenerant.
483 2689 673 2770 Principibus
710 2688 830 2751 Galliae
864 2691 997 2752 evocatis
1031 2691 1146 2753 Caesar
1178 2712 1231 2767 ea,

213 2796 291 2859 quae
313 2786 509 2857 cognoverat,
532 2776 751 2838 dissimulanda
773 2776 831 2838 sibi
846 2776 1046 2850 existimavit,
1070 2796 1233 2859 eorumque

213 2863 322 2924 animis
343 2863 501 2944 permulsis
524 2871 556 2924 et
577 2863 760 2924 confirmatis
783 2864 979 2945 equitatuque
1001 2864 1150 2944 imperato
1164 2864 1233 2926 bel-

169 2972 198 3012 sa
211 2949 274 3011 lum
297 2968 363 3011 cum
386 2948 546 3011 Germanis
569 2968 672 3029 gerere
693 2948 857 3011 constituit.

186 3040 205 3093 7
276 3036 324 3099 Re
355 3035 552 3097 frumentaria
584 3045 760 3115 comparata
790 3036 997 3116 equitibusque
1024 3035 1147 3098 delectis
1174 3037 1234 3098 iter

212 3123 245 3185 in
272 3140 309 3184 ea
335 3122 401 3184 loca
426 3123 525 3183 iacere
548 3122 661 3202 coepit,
695 3122 802 3203 quibus
823 3122 949 3184 inlocis
973 3143 1040 3184 esse
1063 3122 1233 3185 Germanos

213 3209 365 3271 audiebat.
410 3207 442 3270 A
469 3208 576 3289 quibus
604 3227 669 3270 cum
691 3227 855 3289 paucorum
879 3209 992 3270 dierum
1014 3209 1072 3270 iter
1094 3210 1231 3282 abesset,

212 3295 304 3377 legati
337 3296 376 3357 ab
408 3295 446 3356 iis
473 3304 635 3369 venerunt,
669 3314 794 3375 quorum
823 3295 897 3356 haec
924 3296 981 3357 fuit
1003 3295 1114 3357 oratio:
1150 3295 1232 3358 Ger-

169 3400 319 3444 remanes
346 3401 443 3462 neque
470 3381 585 3460 priores
613 3381 726 3461 populo
748 3381 887 3443 Romano
909 3382 1020 3443 bellum
1042 3382 1152 3443 inferre
1174 3400 1231 3443 ne-

213 3486 271 3549 que
298 3477 400 3530 tamen
427 3487 582 3541 recusare,
612 3467 637 3528 si
664 3468 861 3541 lacessantur,
896 3468 968 3549 quin
992 3469 1084 3530 armis
1106 3478 1233 3529 oenten-

215 3555 304 3628 dant,
339 3556 418 3635 quod
445 3553 666 3616 Germanorum
693 3555 874 3615 consuetudo
902 3555 978 3616 haec
1005 3555 1046 3615 sit
1068 3575 1087 3616 a
1108 3555 1233 3616 maiori-

213 3640 271 3702 bus
297 3642 426 3713 tradita,
461 3641 637 3721 quicumque
658 3638 770 3700 bellum
791 3640 935 3716 inferant,
970 3641 1110 3702 resistere
1137 3660 1233 3722 neque

215 3726 376 3807 deprecari.
419 3728 505 3789 Haec
536 3735 639 3788 tamen
667 3726 778 3787 dicere:
813 3727 933 3790 venisse
959 3728 1087 3801 invitos,
1123 3727 1233 3789 eiectos

172 3835 201 3874 ro
215 3812 319 3886 domo;
354 3814 380 3873 si
407 3833 493 3874 suam
522 3813 649 3894 gratiam
671 3811 802 3873 Romani
823 3813 931 3889 velint,
965 3833 1056 3894 posse
1082 3814 1120 3875 iis
1143 3814 1233 3876 utiles

196 3915 283 3959 esse
311 3900 437 3973 amicos;
470 3900 518 3960 vel
547 3898 605 3960 sibi
632 3917 720 3978 agros
743 3899 911 3962 attribuant
933 3901 983 3962 vel
1003 3900 1159 3979 patiantur
1180 3919 1234 3963 eos

215 3993 332 4058 tenere,
361 4004 435 4064 quos
459 3988 550 4048 armis
575 3985 778 4064 possederint:
813 4006 881 4048 sese
902 3989 971 4050 unis
994 3986 1104 4050 Suavis
1125 4006 1233 4050 conce-
