2616 4492
134 325 177 389 56
487 342 603 392 curor
627 340 797 393 0000000.

135 497 284 541 merorum
307 479 591 558 perscribeudorum
614 482 714 543 studio
738 500 797 542 non
820 479 919 560 potnit
934 479 1093 542 contraria
1108 499 1162 543 ra·
1191 514 1194 543 ι

134 567 216 628 tione
238 565 362 627 uicenos
384 567 415 627 iu
437 588 482 626 xx
505 569 602 629 redire
625 565 677 641 97,
704 567 753 642 17,
788 575 819 628 00
840 573 995 647 oetopeuoa
1017 567 1051 629 in
1073 587 1161 627 uxr

138 651 209 726 139,
238 651 284 714 14.
329 653 408 714 Illud
431 672 496 715 cum
520 656 611 715 etiam
635 655 673 729 ii,
698 655 748 734 qui
770 655 899 734 primam
923 654 959 714 cl.
983 661 1161 734 sequuntur,

135 739 248 801 litteris
272 740 462 801 scribendum
486 759 552 801 0000
576 743 765 820 putaverint,
788 750 821 802 nt
844 749 892 802 est
907 741 937 803 in
954 759 1013 801 000.
1030 740 1079 813 cl,
1103 741 1161 801 hoc

135 827 213 907 quod
237 826 318 887 uotis
341 827 514 888 describunt
535 847 590 906 pro
607 828 756 890 cardinali
779 848 901 889 numero
925 847 976 889 eos
1001 827 1156 907 accepisse

136 913 284 974 coniicere
307 913 387 976 licet.
432 911 520 983 Quod
544 915 582 974 ab
606 935 661 976 usu
684 915 825 994 loquendi
847 914 1007 986 abhorret,
1031 916 1068 975 01.
1087 913 1157 988 118,

134 1003 184 1063 22.
210 998 281 1072 139,
306 997 356 1060 38.
400 998 447 1060 Νο
470 1001 634 1062 credideris
656 1021 728 1062 vero
752 1001 894 1062 librarios
919 1002 948 1062 in
980 1001 1157 1062 distributi·

135 1088 182 1148 vis
207 1086 376 1148 tractandis
400 1086 637 1149 abstinentiores
659 1088 762 1150 luisse.
798 1087 944 1149 Auctoris
967 1088 1046 1147 euim
1063 1088 1156 1167 ipsius

133 1174 191 1235 hoc
214 1183 295 1234 certe
318 1192 376 1233 nou
400 1181 463 1234 est:
486 1173 567 1234 duae
580 1175 690 1254 fossas
712 1174 931 1256 quindecim
959 1174 1047 1256 pedes
1075 1171 1156 1235 latae

134 1294 150 1308 ·
173 1295 190 1307 -
208 1259 359 1341 perduruit
383 1259 454 1334 139,
478 1259 506 1321 8.
532 1259 577 1321 Cr.
596 1261 666 1334 139,
683 1263 733 1323 25.
759 1262 828 1334 124,
847 1262 895 1322 10.
933 1260 1034 1322 Tanto
1056 1269 1154 1322 autern

133 1347 231 1409 miuus
255 1346 425 1426 quindecim
448 1356 584 1427 repetere
607 1349 741 1410 debebat
763 1347 952 1429 Nipperdey,
988 1347 1068 1427 quod
1102 1347 1156 1408 hoo

133 1436 164 1496 iu
186 1433 212 1494 P
235 1451 302 1494 esse
318 1433 487 1512 ignorabat.
524 1434 662 1496 Noverat
677 1435 870 1497 omissionem
884 1434 997 1495 codicis
1012 1433 1054 1505 A,
1079 1452 1152 1513 quae

132 1521 162 1582 iu
175 1519 275 1581 dubiis
289 1528 319 1580 et
331 1522 481 1600 suspectis
493 1521 584 1582 rebus
595 1523 678 1582 lacta
692 1532 739 1583 est
752 1519 828 1601 (vid.
840 1541 864 1582 0.
876 1522 900 1581 1.
912 1522 948 1582 Β.
961 1535 995 1581 11.
1006 1520 1063 1602 2.).
1089 1520 1152 1582 Ob·

133 1614 295 1670 servarunt
318 1617 436 1668 veteres
459 1607 593 1668 nonnulli
615 1609 851 1670 distributivum.
884 1607 953 1668 Nou
969 1608 1066 1686 magis
1085 1607 1151 1679 151,

133 1697 175 1757 34
199 1692 363 1754 Caesarem
386 1694 431 1754 ita
454 1695 614 1774 scripsisse
637 1697 699 1757 iure
716 1704 884 1757 statuatur:
907 1701 1010 1755 turrea
1025 1692 1153 1755 ercitum

132 1782 259 1846 crebras
279 1780 314 1840 in
343 1778 537 1842 altitudinem
566 1781 684 1842 trium
711 1780 930 1844 tabulatorum.
976 1782 1023 1843 cf.
1048 1783 1076 1840 b.
1100 1783 1151 1842 civ.

133 1873 163 1943 2,
189 1868 227 1929 15
262 1868 379 1928 dttobue
411 1869 513 1928 macru
545 1888 652 1929 senum
680 1870 797 1949 pedum
825 1868 1046 1940 crassitudine,
1083 1868 1168 1929 Το0.ἰ

131 1956 203 2017 hist.
227 1956 257 2028 5,
284 1956 319 2016 11
347 1961 450 2017 turrea
471 1956 506 2015 in
529 1962 666 2018 00000000
687 1956 806 2018 01000οο
822 1956 915 2036 pedes
929 1953 1152 2016 attollebantur.

134 2042 284 2104 Similiter
307 2041 377 2114 139,
401 2044 442 2102 30
464 2044 583 2103 arrabea
607 2062 645 2101 ιιι
670 2042 705 2123 (1.
729 2063 753 2103 0.
777 2040 895 2125 arnor)
912 2042 947 2101 in
961 2040 1152 2103 altitudinem

128 2129 220 2211 pedes
235 2127 439 2210 fodiebantur
461 2130 667 2209 corrigendum
691 2139 747 2190 est.
791 2129 923 2190 Etiamsi
947 2137 1027 2189 recte
1051 2128 1152 2189 distri·

135 2217 255 2277 butivos
279 2235 345 2276 esse
369 2235 509 2277 numeros
532 2215 740 2278 intellexerint
759 2215 893 2288 librarii,
918 2223 1019 2276 tamen
1036 2216 1067 2276 10
1081 2214 1152 2294 ipsis

134 2301 391 2382 appellationibus
413 2301 503 2363 facile
527 2306 705 2364 erraverint.
743 2304 894 2375 Fuerunt,
919 2302 969 2382 qui
988 2301 1152 2381 trinospro

135 2395 238 2451 ternos
260 2388 438 2467 scripserint
462 2388 535 2462 139,
559 2390 608 2450 38.
639 2390 750 2450 denum
773 2389 918 2469 quinum,
953 2389 1033 2467 quod
1065 2388 1155 2449 habet

133 2495 177 2556 pr.
202 2476 238 2536 01.
265 2475 336 2548 151,
360 2477 411 2545 33,
435 2483 466 2534 00
488 2476 656 2536 inauditum
680 2486 727 2537 est
751 2485 781 2536 et
804 2483 971 2536 correctum
995 2475 1034 2535 ab
1059 2474 1153 2535 altera

135 2562 190 2634 01.,
214 2561 343 2642 quaein
366 2561 513 2622 eiusmodi
536 2581 567 2623 re
592 2563 715 2624 maioris
738 2564 801 2623 fere
825 2562 895 2623 fidei
925 2569 981 2622 ast.
1026 2561 1153 2622 Monen-

134 2650 203 2710 dum
234 2648 361 2727 denique
390 2655 454 2719 est,
489 2659 523 2709 ut
551 2649 764 2728 perscribenda
787 2647 820 2708 in
844 2648 1012 2709 cardinalia
1035 2667 1153 2726 permu-

133 2744 201 2796 tata
229 2743 301 2796 suut
333 2734 544 2807 distributiva,
576 2736 622 2796 ita
652 2736 770 2797 minime
795 2736 913 2814 quidem
944 2733 973 2794 in
995 2735 1072 2795 haec
1095 2733 1154 2794 illa.

132 2822 255 2903 Itaque,
279 2829 312 2882 ut
334 2823 503 2901 exemplum
526 2823 676 2896 adferam,
701 2823 781 2884 omui
801 2824 919 2883 demum
934 2821 1069 2882 codicum
1086 2838 1155 2881 cura

133 2910 254 2971 abiecta
276 2907 373 2988 quina
394 2908 424 2970 in
447 2929 465 2966 v
490 2910 601 2971 mutari
623 2910 738 2989 poterit
761 2910 832 2982 140,
858 2910 907 2969 23.

198 2995 356 3057 Advcrbia
390 3014 506 3076 quoque
537 2997 707 3057 numeralia
739 3015 793 3075 per
832 2992 1009 3073 compendia
1042 2992 1157 3072 scripta

134 3082 409 3162 permutationibus
444 3082 577 3143 obnoxia
609 3085 738 3145 fuerunt.
783 3080 853 3152 Qua
881 3082 910 3142 in
934 3099 966 3141 rc
988 3077 1065 3139 nihil
1087 3077 1157 3139 vul·

134 3170 236 3250 garins
259 3176 324 3242 est,
349 3187 438 3249 quarn
462 3170 608 3230 adverbia
629 3169 743 3231 ordinis
766 3187 832 3229 cum
862 3164 1060 3247 quotientivis
1090 3185 1155 3226 mu-

133 3258 209 3329 tari,
244 3274 338 3335 neque
361 3274 461 3316 eorum
484 3255 547 3317 nlla
568 3257 703 3327 10011100,
739 3274 827 3335 quam
851 3254 912 3326 bia,
937 3252 1015 3333 quod
1037 3250 1157 3332 proprie

95 3370 104 3385 =
133 3343 205 3404 duis
226 3350 274 3404 est
298 3339 379 3422 (Cic.
403 3340 456 3402 Or.
482 3342 576 3424 153),
609 3343 777 3404 etiterum
805 3351 836 3402 et
862 3340 1044 3410 secundum,
1080 3338 1158 3399 inter

135 3450 167 3490 00
190 3427 464 3491 commutabantur.
509 3427 788 3501 Quemadmodum,
823 3435 856 3489 ut
884 3427 932 3487 vel
955 3444 1045 3487 unum
1071 3425 1156 3486 adie-

133 3536 197 3579 ram
222 3514 409 3592 exemplum,
432 3515 463 3576 iu
486 3515 567 3577 Livii
583 3516 639 3589 Vl,
654 3515 691 3588 8,
715 3515 767 3576 ubi
789 3533 884 3593 nuper
905 3513 1075 3575 litterarum
1092 3513 1156 3573 lor-

132 3604 190 3666 mis
212 3602 442 3665 describebatur
471 3600 506 3663 T.
524 3600 688 3677 Quinctius
707 3600 914 3663 Cincinnatus
935 3598 1158 3669 secundum,

132 3691 194 3752 vidi
216 3690 247 3751 10
270 3689 336 3750 cdd.
359 3687 496 3750 Mediceo
521 3698 551 3750 00
574 3690 670 3768 primo
694 3688 835 3750 Parisino
859 3687 928 3749 aliis
958 3685 1157 3747 cincinnatus

133 3796 177 3838 .ιι.
224 3776 285 3838 Sed
313 3783 347 3836 ut
379 3775 410 3836 iu
444 3775 627 3837 editionibus
663 3784 733 3837 aute
766 3772 1012 3843 Alschefskium,
1048 3773 1092 3833 sic
1125 3772 1156 3832 io

133 3863 236 3924 multis
261 3862 343 3934 cdd.,
368 3880 425 3940 quo
449 3863 479 3922 in
503 3882 625 3924 numero
649 3874 697 3924 000
719 3861 913 3943 Upsaliensis
928 3876 1007 3918 saec.
1023 3860 1087 3919 iere
1103 3872 1156 3929 x.‚

135 3968 187 4028 per
210 3966 340 4010 errorem
365 3949 565 4027 perscriptum
589 3957 637 4011 est
665 3948 850 4019 secundum
880 3963 1009 4023 namque
1042 3945 1156 4006 iterum

134 4034 324 4098 scribendum
346 4034 440 4096 luisse
463 4054 550 4098 uerno
573 4038 738 4117 negaverit.
782 4034 857 4098 Pari
880 4030 1081 4111 ambiguitate
1109 4049 1157 4092 .ιι.
