2616 4492
212 265 255 329 at
543 281 591 327 nn
613 281 732 328 annno
756 280 911 328 estmoe

172 425 205 476 18
278 420 351 483 Loci
373 427 483 480 natura
507 431 573 481 erat
594 421 678 493 haec,
701 438 789 500 quem
805 419 901 482 locum
916 419 1013 481 nostri
1028 419 1138 482 castris
1155 420 1240 483 dele-

215 515 328 589 gerant.
374 505 468 567 Collis
503 507 540 567 ab
575 525 691 567 summo
719 506 887 586 aequaliter
914 506 1036 568 declivis
1065 509 1104 569 ad
1127 508 1239 589 fiumen

215 594 336 668 Sabim,
366 593 445 672 quod
469 612 561 672 supra
582 593 818 667 nominavimus,
847 594 1000 673 vergebat.
1045 593 1097 654 Ab
1120 614 1155 656 eo
1178 595 1239 656 flu-

214 681 293 742 mine
324 679 392 759 pari
419 678 589 740 acclivitate
613 680 696 740 collis
720 680 911 753 nascebatur,
946 681 1094 741 adversus
1117 680 1186 743 huic
1208 691 1240 742 et

185 767 398 838 camararius,
432 784 542 844 passus
570 766 686 827 circiter
714 767 857 827 ducentos
880 766 1000 827 infimus
1024 776 1163 846 apertus,
1199 768 1239 828 ab

215 853 367 932 superiore
389 860 477 930 parte
501 852 666 926 silvestris,
690 861 725 913 ut
747 871 808 912 non
829 852 915 913 iacile
936 853 1087 914 introrsus
1110 854 1241 934 perspici

214 952 328 1019 posset.
372 938 459 999 Intra
492 958 543 999 eas
573 939 666 999 silvas
694 939 798 999 hostes
820 939 852 1000 in
875 939 989 1000 occulto
1013 959 1078 1001 sese
1101 941 1240 1002 contine-

214 1025 305 1086 bant:
339 1024 371 1085 in
399 1033 504 1103 aperto
532 1024 596 1087 loeo
625 1026 786 1086 secundum
814 1025 923 1087 flumen
951 1045 1067 1105 paucae
1089 1027 1240 1089 stationes

217 1111 349 1192 equitum
376 1111 563 1172 videbantur.
608 1111 757 1172 Fluminis
781 1121 846 1172 erat
868 1111 997 1173 altitudo
1019 1112 1129 1193 pedum
1152 1113 1240 1175 circi-

172 1223 200 1260 ιο
215 1207 263 1260 tor
284 1197 383 1258 trium.

176 1289 208 1341 19
282 1283 397 1345 Caesar
420 1283 557 1362 equitatu
579 1283 744 1362 praemisso
769 1284 1009 1364 subsequebatur
1031 1284 1170 1346 omnibus
1185 1302 1240 1345 co·

216 1370 290 1453 piis3
314 1371 367 1431 sed
389 1369 467 1430 ratio
491 1372 622 1450 ordoque
645 1370 770 1448 agminis
794 1370 882 1430 aliter
905 1391 937 1431 se
959 1371 1092 1432 habebat
1114 1389 1149 1431 ao
1163 1370 1240 1431 Bel-

217 1476 272 1540 gae
306 1457 345 1518 ad
371 1455 500 1517 Nervios
529 1455 707 1518 detulerant.
751 1457 833 1519 Nam
861 1458 940 1536 quod
962 1456 1101 1518 hostibus
1125 1457 1241 1535 adpro-

216 1543 400 1624 pinquabat,
429 1543 643 1604 consuetudine
666 1560 722 1601 sua
744 1542 860 1603 Caesar
883 1562 937 1627 ser
958 1542 1090 1622 legiones
1114 1541 1242 1622 expedi-

173 1655 200 1694 rs
215 1640 266 1692 tas
295 1629 436 1702 ducebat3
471 1638 540 1708 post
566 1648 617 1689 eas
640 1628 735 1690 totius
758 1628 905 1690 exercitus
928 1628 1144 1708 impedimenta
1165 1648 1241 1691 con-

217 1716 350 1790 locarat;
384 1715 454 1776 inde
488 1716 564 1777 duae
598 1713 746 1794 legiones,
780 1735 857 1794 quae
889 1716 1025 1794 proxime
1053 1716 1242 1795 conscriptae

218 1811 320 1876 erant,
342 1810 438 1863 totum
461 1821 567 1882 agmen
590 1801 772 1863 claudebant
792 1802 1003 1882 praesidioque
1017 1802 1242 1881 impedimentis

218 1898 313 1951 erant.
357 1889 484 1968 Equites
508 1889 605 1949 nostri
627 1907 693 1949 cunr
716 1888 917 1949 funditoribus
941 1888 1165 1968 sagittariisque
1180 1889 1241 1950 flu-

218 1994 287 2036 men
315 1975 497 2054 transgressi
524 1994 590 2035 cum
618 1974 750 2035 hostium
778 1974 915 2053 equitatu
940 1973 1088 2054 proelium
1116 1975 1242 2036 commi-

174 2086 204 2124 ro
219 2069 331 2122 serunt.
377 2059 451 2120 Cum
481 2080 513 2121 se
540 2061 585 2120 illi
612 2060 775 2120 identidem
797 2061 828 2121 in
851 2061 945 2121 silvas
968 2063 1008 2122 ad
1031 2080 1101 2124 suos
1125 2060 1241 2141 recipe-

218 2155 286 2208 rent
313 2165 348 2207 ac
375 2165 477 2207 rursus
507 2165 544 2207 ex
567 2146 644 2206 silva
665 2146 697 2206 in
719 2155 840 2207 nostros
862 2147 1007 2225 impetum
1029 2148 1163 2209 facerent
1185 2167 1241 2208 ne·

219 2252 277 2314 que
309 2232 405 2293 nostri
437 2232 571 2312 longius,
607 2251 696 2312 quam
725 2251 813 2311 quern
840 2234 880 2292 ad
902 2234 991 2293 finem
1013 2243 1152 2313 porrecta
1174 2233 1242 2296 loca

149 2350 153 2364 .
218 2319 424 2401 pertinebant,
459 2321 596 2380 cedentes
624 2318 742 2398 insequi
770 2320 928 2391 auderent,
962 2320 1080 2381 interim
1107 2320 1241 2400 legiones

219 2424 287 2478 sex,
311 2424 388 2484 quae
410 2405 524 2485 primae
546 2412 707 2478 venerant,
735 2423 823 2484 opere
846 2404 981 2467 dimenso
1004 2415 1111 2467 castra
1126 2407 1241 2469 munire

176 2516 204 2554 rs
221 2501 392 2572 coeperunt.

283 2578 343 2640 Ubi
365 2578 462 2656 prima
483 2577 698 2657 impedimenta
719 2576 815 2637 nostri
837 2577 984 2638 exercitus
1008 2578 1046 2638 ab
1066 2578 1119 2652 iis,
1144 2580 1194 2659 qui
1209 2579 1240 2641 in

220 2663 314 2726 silvas
342 2664 437 2725 abditi
458 2664 610 2736 latebant,
638 2665 706 2724 visa
729 2672 816 2737 sunt,
845 2666 925 2744 quod
946 2672 1064 2743 tempus
1087 2665 1166 2726 inter
1189 2685 1241 2727 eos

220 2751 424 2812 committendi
445 2751 552 2829 proelii
574 2757 772 2822 convenerat,
797 2758 831 2809 ut
852 2751 933 2812 intra
955 2749 1049 2811 silvas
1072 2751 1167 2813 aciem
1188 2771 1241 2813 or-

221 2838 363 2917 dinesque
400 2837 618 2898 constituerant
655 2845 745 2916 atque
778 2835 837 2915 ipsi
871 2856 937 2898 sese
971 2837 1240 2914 confirmaverant,

176 2949 206 2987 ao
221 2924 321 2986 subito
354 2923 491 2984 omnibus
520 2924 613 3003 copiis
640 2922 876 3003 provolaverunt
902 2923 1107 3004 impetumque
1127 2923 1159 2984 in
1182 2943 1241 2986 no-

221 3019 301 3072 stros
335 3010 450 3089 equites
482 3011 624 3071 lecerunt.
668 3010 726 3070 His
753 3010 839 3071 facile
867 3009 962 3088 pulsis
991 3028 1027 3070 ac
1052 3011 1241 3089 proturbatis

219 3096 384 3158 incredibili
417 3095 569 3157 celeritate
603 3097 642 3157 ad
669 3097 779 3157 flumen
807 3097 1053 3170 decucurrerunt,
1088 3105 1123 3157 ut
1144 3116 1241 3177 paene

220 3203 280 3245 uno
308 3192 444 3261 tempore
473 3192 503 3243 et
526 3184 565 3244 ad
588 3183 681 3244 silvas
705 3192 737 3244 et
758 3184 787 3243 in
810 3183 931 3243 flumine
953 3191 984 3242 et
1005 3182 1064 3243 iam
1087 3182 1119 3244 in
1141 3184 1241 3245 mani-

219 3270 277 3330 bus
310 3269 423 3330 nostris
450 3269 554 3330 hostes
581 3269 764 3330 viderentur.
813 3269 929 3330 Eadem
958 3277 1060 3330 autem
1087 3268 1243 3332 celeritate

177 3382 204 3419 ss
221 3351 348 3416 adverso
382 3354 456 3416 colle
485 3357 531 3417 ad.
551 3362 657 3416 nostra
685 3364 787 3416 eastra
809 3362 901 3434 atque
922 3373 990 3430 eos,
1025 3353 1077 3436 qui
1097 3355 1128 3416 in
1152 3375 1242 3436 opere

220 3442 356 3520 occupati
379 3451 479 3516 erant,
503 3442 729 3504 contenderunt.

178 3533 211 3587 20
284 3527 411 3589 Caesari
444 3529 543 3589 omnia
575 3547 635 3588 uno
663 3536 797 3605 tempore
823 3536 911 3589 erant
931 3527 1064 3607 agenda:
1098 3526 1243 3590 vexillum

220 3615 462 3693 proponendum,
492 3616 570 3694 quod
599 3623 665 3674 erat
686 3613 816 3693 insigne,
846 3613 979 3687 cusp-td
1001 3631 1086 3674 arma
1108 3613 1243 3675 concurri

223 3709 391 3777 oporteret,
416 3701 532 3781 signum
555 3702 630 3761 tuba
653 3701 799 3775 dandum,
824 3702 862 3762 ab
885 3696 975 3780 ope're
997 3700 1161 3760 revocandi
1182 3700 1242 3761 mi-

177 3808 207 3849 ro
221 3784 306 3859 lites,
330 3787 380 3866 qui
401 3789 491 3867 paulo
513 3787 630 3867 longius
647 3787 763 3866 aggeris
778 3788 900 3866 petendi
915 3805 1007 3849 causa
1021 3795 1241 3864 processerant,

222 3873 408 3947 arcessendi,
444 3874 522 3935 acies
544 3875 737 3946 instruenda,
766 3874 875 3935 milites
898 3872 1090 3944 cohortandi,
1125 3871 1244 3953 signum

222 3959 361 4019 dandum.
407 3957 540 4027 Quarum
569 3979 668 4022 rerum
697 3979 835 4040 magnam
864 3970 981 4041 partem
1003 3957 1148 4038 temporis
1170 3959 1245 4022 bre-
