2616 4492
409 261 483 344 [orn.
499 279 535 326 11.
558 279 635 326 car.
650 263 789 327 28-33.
1075 261 1118 327 39

93 416 238 498 pinquare
265 416 422 478 moenibus
448 417 604 491 viderunt,
632 435 714 478 nova
735 425 827 496 atque
848 413 997 477 inusitata
1018 415 1117 494 specie

93 503 234 565 commoti
261 502 377 583 legatos
400 503 440 564 ad
462 503 625 565 Gaesarem
648 504 685 564 de
707 522 780 581 pace
802 500 964 575 miserunt,
999 502 1055 581 qui¹
1076 501 1117 565 ad

92 589 173 650 hunc
205 591 326 651 modum
358 589 463 651 locuti:
499 609 560 651 nou
587 589 759 650 existimare
786 588 942 650 Romanos
971 585 1036 648 sine
1059 607 1116 668 ope

93 676 197 736 divina
219 676 329 737 bellum
352 696 469 756 gerere,
493 675 543 755 qni
565 684 671 736 tantae
694 675 862 736 altitudinis
879 673 1115 737 machinationes

93 770 182 823 tanta
204 762 356 823 celeritate
377 782 554 842 promovere
576 772 717 840 possent;
747 780 780 822 se
804 779 916 840 suaque
938 760 1040 820 omnia
1062 780 1144 825 (ιο-ο

93 868 160 908 rum
192 848 338 927 potestati
364 849 536 927 permittere
564 849 713 909 dixerunt.
757 847 859 909 Unum
880 854 982 926 petere
1004 866 1040 908 ac
1061 848 1117 909 de-

93 935 225 1013 precari:
250 934 276 995 si
298 936 374 996 forte
393 955 448 1014 pro
464 955 519 996 sua
534 935 695 995 clementia
710 953 746 995 ac
761 933 1002 1005 mansuetudine,
1026 953 1116 1012 quam

93 1020 153 1099 ipsi
180 1021 219 1082 ab
243 1021 310 1082 aliis
333 1022 488 1095 audirent,
517 1022 678 1082 statuisset
699 1019 878 1081 Aduatucos
901 1038 968 1080 esse
991 1038 1116 1096 conser-

92 1108 226 1179 vandos,
254 1126 292 1167 ne
315 1127 348 1168 se
371 1107 462 1168 armis
486 1107 677 1186 despoliaret.
723 1106 790 1168 Sibi
812 1125 914 1167 omnes
936 1106 998 1167 lere
1020 1105 1116 1168 finiti-

93 1212 159 1254 mos
188 1213 254 1253 esse
281 1193 417 1254 inimicos
440 1213 476 1254 ac
498 1213 571 1254 suae
594 1193 700 1257 virtuti
720 1192 870 1265 invidere3
904 1210 924 1253 a
951 1191 1058 1271 quibus
1081 1212 1116 1255 so
1130 1221 1158 1259 ro

94 1280 251 1341 defendere
279 1280 399 1343 traditis
422 1279 513 1340 armis
537 1299 597 1341 non
620 1287 753 1359 possent.
799 1278 865 1339 Sibi
887 1287 1059 1357 praestare,
1087 1277 1115 1341 si

92 1365 124 1426 in
147 1386 214 1427 enm
236 1385 339 1427 casnm
362 1367 588 1438 deducerentur,
623 1365 761 1445 quamvis
789 1366 941 1425 fortunam
963 1384 983 1425 a
1004 1364 1114 1444 populo

92 1451 232 1513 Romano
254 1453 335 1532 pati,
364 1472 454 1532 quam
482 1454 520 1513 ab
542 1453 579 1514 iis
601 1472 656 1531 per
678 1452 842 1513 cruciatum
865 1451 1006 1522 interfici,
1035 1450 1115 1513 inter

93 1558 167 1617 quos
201 1539 348 1600 dominari
381 1548 584 1600 consuessent.
628 1538 680 1600 Ad
703 1539 777 1599 haec
805 1536 919 1598 Caesar
940 1536 1157 1616 respondiczan

93 1623 134 1686 Se
156 1625 252 1704 magis
275 1625 489 1686 consuetudine
516 1646 572 1685 sua
593 1644 682 1705 quam
707 1625 812 1685 merito
836 1642 937 1685 eorum
959 1623 1155 1689 civitatensis

92 1719 355 1783 conservaturum,
390 1711 416 1772 si
449 1711 547 1790 priua,
582 1730 670 1790 quarn
700 1730 817 1770 murum
846 1709 923 1770 aries
947 1709 1113 1789 attigisset,

92 1816 126 1856 so
159 1796 358 1870 dedidissent;
393 1798 445 1857 sed
479 1796 639 1857 deditionis
674 1796 786 1857 nullam
815 1816 882 1857 esse
910 1796 1114 1858 condicionem

92 1881 153 1942 nisi
184 1882 275 1942 armis
309 1882 439 1943 traditis.
484 1881 525 1944 Se
557 1882 603 1956 id,
638 1884 717 1962 quod
749 1882 781 1943 in
813 1881 944 1944 Nervios
977 1882 1112 1957 iecisset,

92 1969 240 2029 facturum
262 1967 455 2048 finitimisque
476 1969 706 2048 imperaturum,
730 1988 769 2030 ne
789 1987 878 2049 qnam
895 1968 1041 2030 dediticiis
1056 1987 1114 2049 po-

92 2053 156 2133 puli
187 2054 319 2115 Romani
351 2055 493 2116 iniuriam
520 2055 671 2117 inferrent.
721 2054 768 2115 Re
797 2054 936 2115 nuntiata
963 2057 1002 2117 ad
1025 2075 1112 2130 snos,
1127 2082 1158 2121 ao

93 2159 170 2219 quae
203 2140 437 2220 imperarentur,
474 2142 572 2203 iacere
605 2142 753 2202 dixerunt.
807 2140 970 2202 Armorum
1004 2161 1114 2222 magna

92 2226 283 2288 multitudine
306 2229 343 2289 dc
365 2248 451 2290 muro
473 2227 504 2289 in
526 2229 654 2301 fossam,
678 2247 755 2307 quae
777 2237 843 2289 erat
866 2235 936 2288 ante
959 2228 1111 2308 oppidum,

91 2312 187 2386 iacta,
216 2313 259 2374 sic
280 2322 314 2375 ut
335 2334 429 2394 propo
452 2334 600 2376 summam
622 2314 701 2376 muri
723 2315 899 2394 aggerisque
921 2314 1113 2377 altitudinem

90 2399 189 2460 acervi
212 2419 363 2461 armorum
385 2403 604 2480 adaequarent,
630 2410 660 2461 et
682 2410 785 2461 tamen
808 2400 924 2479 circiter
946 2410 1032 2480 parte
1047 2410 1112 2463 ter-

90 2486 148 2560 tia,
173 2495 206 2548 ut
228 2496 335 2566 postea
356 2499 545 2567 perspectum
568 2496 628 2561 est,
653 2487 750 2548 celata
772 2496 861 2566 atque
881 2487 914 2565 ,in
938 2487 1046 2566 oppido
1062 2507 1111 2549 re·
1125 2515 1153 2552 aa

90 2580 176 2633 tenta
208 2574 303 2652 portis
330 2574 489 2653 patefactis
518 2594 553 2635 eo
582 2573 630 2635 die
657 2593 731 2653 pace
759 2583 831 2633 sunt
852 2573 907 2634 usi.
954 2573 1016 2635 Sub
1039 2582 1154 2635 ves-33

89 2678 196 2737 perum
230 2658 344 2721 Caesar
376 2670 481 2740 portas
509 2661 608 2721 claudi
635 2660 804 2738 militesque
832 2679 870 2720 ex
897 2659 1006 2739 oppido
1030 2659 1111 2722 exire

89 2744 193 2816 iussit,
217 2764 367 2824 nequam
390 2756 480 2807 noctu
503 2746 644 2825 oppidani
667 2748 706 2807 ab
730 2745 873 2807 militibus
895 2746 1034 2807 iniuriam
1057 2766 1111 2808 ac-

89 2830 230 2909 ciperent.
285 2830 334 2891 Illi
367 2840 438 2892 ante
470 2832 560 2904 inito,
594 2843 628 2894 ut
655 2831 837 2893 intellectum
872 2843 933 2907 est,
969 2833 1110 2906 consilio,

90 2917 170 2994 quod
203 2915 353 2976 deditione
386 2918 469 2978 lacta
501 2926 624 2979 nostros
655 2918 809 2998 praesidia
842 2919 1023 2980 deducturos
1056 2928 1110 2980 aut
1123 2948 1152 2986 ³0

89 3001 218 3080 denique
244 3001 447 3081 indiligentius
475 3014 650 3065 servaturos
678 3005 881 3077 crediderant,
909 3005 1019 3084 partim
1041 3024 1109 3067 cunr

87 3088 141 3160 iis,
165 3107 242 3166 quae
266 3088 453 3149 retinuerant
475 3097 506 3149 et
528 3090 716 3164 celaverant,
746 3090 853 3162 armis,
881 3091 992 3170 partim
1015 3090 1108 3152 sontis

89 3194 127 3235 ex
154 3174 262 3235 cortice
288 3174 377 3234 iactis
399 3184 452 3235 aut
473 3174 634 3236 viminibus
656 3176 796 3248 intextis,
826 3195 903 3254 quae
925 3176 1039 3250 subite,
1074 3185 1109 3239 ut

89 3261 233 3339 temporis
256 3261 403 3342 exiguitas
426 3262 616 3340 postulabat,
644 3261 771 3341 pellibus
794 3262 989 3336 induxerant,
1018 3263 1086 3323 tert'

88 3346 207 3427 vigilia,
232 3367 290 3426 qua
313 3347 434 3408 minime
457 3350 567 3409 arduus
591 3349 630 3408 ad
652 3356 773 3408 nostras
796 3347 975 3408 munitiones
1000 3367 1107 3409 ascen·
1121 3377 1150 3415 aa

83 3441 141 3494 'sus
169 3433 337 3508 videbatur,
368 3434 505 3495 omnibns
529 3434 621 3514 copiis
645 3433 801 3513 repentino
825 3453 863 3494 ex
884 3433 993 3514 oppido
1017 3453 1108 3514 erup-

89 3520 203 3580 tionem
236 3522 379 3581 lecerunt.
430 3521 583 3595 Celeriter,
618 3530 651 3582 ut
684 3529 754 3580 ante
788 3520 902 3581 Caesar
930 3520 1107 3599 imperarat,

88 3606 206 3685 ignibus
239 3606 454 3686 significatione
482 3610 565 3669 iacta
593 3628 630 3668 ex
656 3606 799 3686 proximis
822 3606 954 3667 castellis
978 3626 1012 3668 eo
1035 3627 1108 3669 con-

88 3709 206 3752 cursum
230 3702 292 3767 est,
317 3703 540 3774 pugnatumque
563 3696 602 3756 ab
624 3693 763 3756 hostibus
786 3693 830 3753 ita
853 3693 961 3755 acriter
983 3702 1045 3767 est,
1074 3703 1109 3756 nt

89 3797 109 3838 a
130 3778 203 3839 viris
225 3779 352 3840 fortibus
375 3779 407 3841 in
429 3790 565 3841 extrema
588 3802 641 3862 spe
664 3780 770 3842 salutis
793 3779 894 3860 iniquo
918 3779 981 3841 looo
1005 3790 1109 3843 contra
1122 3809 1151 3846 ιο

89 3883 157 3936 eos,
187 3865 243 3945 qui·
259 3885 297 3926 ex
318 3866 398 3927 vallo
422 3867 611 3946 turribusque
634 3868 696 3928 tela
717 3868 863 3940 iacerent,
896 3867 1024 3946 pugnari
1053 3868 1107 3929 de-

89 3949 169 4024 buit,
204 3970 270 4012 cnm
298 3951 329 4013 in
359 3972 418 4013 una
445 3952 556 4014 virtute
580 3955 676 4016 omnis
700 3972 768 4032 spes
792 3952 899 4015 salutis
921 3954 1107 4016 consisteret.
