2616 4492
441 298 511 346 um.
526 298 589 345 vn.
612 297 688 344 car.
704 281 842 344 45-50.
1090 280 1151 344 129

131 438 201 518 pido
236 437 394 499 eiecerunt.
443 437 693 500 Matresfamiliae
721 438 758 498 de
785 454 870 497 muro
898 445 1012 497 vestem
1042 454 1152 515 argen-

133 534 255 604 tumque
290 525 446 585 iactabant
483 533 513 585 et
548 532 669 603 pectore
706 525 785 584 nudo
821 522 1023 602 prominentes
1053 523 1153 601 passis

133 611 272 673 manibus
301 611 532 672 obtestabantur
558 610 728 682 Romanos,
757 619 791 670 ct
819 609 876 670 sibi
902 617 1058 688 parcerent
1079 628 1152 682 neu,

132 698 211 758 sicut
232 696 357 758 Avarici
379 697 535 770 fecissent,
560 716 597 757 ne
621 717 640 757 a
661 696 833 757 mulieribus
857 695 974 774 quidem
997 704 1088 774 atque
1103 695 1153 755 in-

131 784 263 845 fantibus
287 784 482 845 abstinerent.
526 782 696 844 Nonnullae
719 784 756 843 de
778 782 871 842 muris
893 801 947 861 per
968 797 1076 846 manus
1098 783 1181 843 de-a

130 870 242 931 missae
265 889 330 930 sese
353 869 496 930 militibus
520 870 690 930 tradebant.
734 869 769 929 L.
792 868 922 942 Fabius,
951 868 1083 929 centurio
1106 867 1153 928 le-

131 956 226 1036 gionis
255 970 336 1028 v111,
370 975 459 1035 quem
490 955 569 1016 inter
602 975 673 1016 suos
703 974 738 1016 eo
767 955 814 1015 die
842 955 955 1015 dixisse
977 955 1153 1026 constabat,

132 1042 258 1104 excitari
292 1062 324 1103 se
351 1041 589 1104 Avaricensibus
616 1041 758 1121 praemiis
788 1060 884 1120 neque
912 1041 1152 1111 commissurum,

130 1139 166 1190 ut
197 1128 281 1208 prius
309 1128 468 1208 quisquam
496 1147 612 1189 murum
641 1129 829 1202 ascenderet,
863 1138 925 1188 tres
954 1147 1025 1188 suos
1048 1137 1153 1189 nactus

132 1215 339 1294 manipulares
363 1223 453 1294 atque
475 1215 514 1275 ab
536 1215 574 1275 iis
597 1215 771 1276 sublevatus
786 1232 903 1274 murum
919 1213 1063 1274 ascendit.
1087 1214 1153 1275 Hos
1168 1232 1197 1270 io

90 1323 105 1340 ’
132 1301 198 1380 ipse
220 1321 325 1362 rursus
348 1300 480 1382 singulos
504 1309 666 1380 exceptans
688 1301 720 1361 iu
742 1319 860 1360 murum
883 1299 1000 1362 extulit.

198 1387 322 1451 Interim
349 1387 386 1459 ii,
421 1387 471 1467 qui
498 1389 538 1448 ad
560 1387 687 1448 alteram
711 1394 829 1466 partem
852 1386 967 1465 oppidi,
1001 1393 1035 1444 ut
1062 1386 1197 1463 supra48

134 1473 423 1547 demonstravimus,
463 1473 637 1534 munitionis
677 1491 768 1534 causa
801 1480 1018 1543 convenerant,
1057 1471 1154 1550 primo

135 1559 276 1620 exaudito
299 1559 444 1633 clamore,
467 1559 537 1619 inde
560 1559 652 1620 etiam
675 1559 786 1619 crebris
809 1558 922 1619 nuntiis
942 1557 1074 1631 incitati,
1099 1576 1154 1635 op-

133 1645 238 1725 pidum
262 1665 280 1706 a
301 1645 448 1707 Romanis
471 1645 579 1719 teneri,
602 1644 776 1724 praemissis
792 1643 941 1722 equitibus
957 1662 1065 1723 magno
1081 1660 1155 1702 cou-
1170 1649 1197 1692 ¹³

133 1751 225 1792 cursu
253 1750 287 1791 eo
317 1732 543 1792 contenderunt.
587 1731 701 1791 Eorum
724 1739 757 1790 ut
779 1729 903 1809 quisque
925 1729 1039 1808 primus
1062 1747 1155 1789 vene-

135 1825 201 1890 rat,
236 1816 293 1877 sub
326 1835 410 1876 muro
444 1816 630 1877 consistebat
662 1834 841 1894 suorumque
874 1815 1071 1894 pugnantium
1097 1834 1156 1875 nu-

134 1922 252 1964 merum
279 1903 417 1981 augebat.
467 1900 603 1971 Quorum
631 1911 697 1963 cum
725 1920 835 1982 magna
862 1901 1021 1962 multitudo
1044 1920 1157 1962 conve-

136 1990 249 2063 nisset,
273 1988 534 2063 matresfamiliae,
558 2008 635 2068 quae
656 1988 746 2068 paulo
770 1997 840 2049 ante
859 1987 1006 2049 Romanis
1022 1989 1058 2048 de
1072 2007 1156 2049 muro

136 2095 244 2137 manus
267 2075 448 2149 tendebant,
467 2095 543 2136 -suos
567 2074 714 2136 obtestari
737 2084 767 2135 et
789 2093 871 2135 more
894 2073 1011 2136 Gallico
1034 2093 1157 2153 passum
1171 2085 1200 2124 ²⁰

136 2161 279 2240 capillum
302 2169 455 2222 ostentare
476 2161 645 2242 liberosque
666 2161 698 2222 in
720 2169 913 2240 conspectum
935 2161 1066 2240 prolerre
1088 2180 1158 2221 coe-

137 2256 255 2328 perunt.
298 2247 377 2309 Erat
403 2247 549 2310 Romanis
578 2268 633 2309 nec
653 2247 717 2309 loco
740 2266 796 2308 nec
818 2266 939 2308 nurnero
962 2266 1060 2326 aequa
1082 2264 1157 2307 oon·

138 2335 234 2395 tentio
241 2353 249 2407 3
274 2333 363 2395 simul
386 2343 416 2396 et
439 2354 526 2396 cursu
549 2345 578 2396 et
601 2335 699 2414 spatio
721 2353 839 2414 pugnae
862 2333 1019 2415 defatigati
1034 2352 1095 2394 uon
1109 2335 1158 2394 fa·

137 2420 195 2481 oile
216 2430 350 2482 recentes
373 2429 464 2500 atque
486 2422 617 2502 integros
641 2421 838 2482 sustinebant.

205 2506 329 2580 Caesar,
363 2526 429 2569 cum
462 2508 564 2588 iniquo
592 2507 657 2569 loco
684 2507 813 2588 pugnari
839 2505 1028 2585 hostiumque
1056 2502 1201 2583 augariae

138 2592 242 2672 copias
263 2592 394 2667 videret,
417 2604 628 2673 praemetuens
650 2594 712 2655 suis
736 2594 775 2654 ad
798 2592 833 2653 T.
857 2592 993 2654 Sextium
1016 2591 1200 2669 legatumne

139 2697 229 2758 quem
251 2679 416 2740 minoribus
438 2680 547 2741 castris
568 2680 719 2759 praesidio
742 2679 918 2758 reliquerat,
942 2677 1039 2750 misit,
1063 2685 1159 2738 utco-

138 2765 245 2825 hortes
269 2783 307 2824 ex
328 2764 435 2825 castris
458 2765 593 2826 celeriter
615 2767 753 2826 educeret
774 2774 806 2826 et
827 2765 883 2826 sub
905 2765 1007 2825 infimo
1031 2763 1105 2824 colle
1121 2763 1160 2824 ab

141 2852 249 2911 dextro
282 2849 376 2909 latere
408 2850 540 2911 hostium
573 2851 784 2926 constitueret,
811 2860 861 2923 ut,
894 2851 921 2910 si
948 2858 1068 2910 nostros
1096 2849 1160 2909 loco

141 2934 284 3012 depulsos
312 2933 453 3008 vidisset,
482 2954 539 3017 quo
562 2936 659 2998 minus
681 2937 774 2999 libere
794 2936 898 2997 hostes
920 2936 1160 3014 insequerentur,
1174 2957 1204 2996 ao

141 3029 277 3083 terreret.
320 3021 391 3099 Ipse
422 3020 547 3099 paulum
575 3041 613 3082 ex
640 3041 675 3082 eo
702 3022 766 3084 loco
794 3041 859 3083 cum
881 3021 997 3101 legione
1018 3039 1160 3101 progres-

140 3127 211 3179 sus,
234 3107 286 3168 ubi
307 3105 500 3179 constiterat,
524 3115 664 3168 eventum
686 3127 803 3187 pugnae
827 3108 1028 3186 exspectabat.

209 3192 284 3254 Cum
319 3193 464 3254 acerrime
497 3192 660 3255 comminus
692 3201 884 3274 pugnaretur,
918 3193 1021 3253 hostes
1043 3192 1109 3253 loco
1132 3194 1205 3251 etto

142 3299 282 3352 numero,
306 3279 401 3341 nostri
422 3279 534 3342 virtute
556 3280 752 3352 confiderent,
776 3279 874 3340 subito
896 3286 969 3340 sunt
989 3277 1090 3339 Aedui
1104 3275 1164 3337 visi

144 3367 184 3428 ab
217 3365 312 3427 latere
344 3366 457 3428 nostris
486 3374 606 3445 aperto,
640 3385 714 3445 quos
743 3364 856 3426 Caesar
882 3365 921 3426 ab
949 3365 1058 3426 dextra
1078 3371 1164 3443 parte
1178 3384 1206 3426 aa

144 3452 205 3514 alio
232 3471 359 3514 ascensu
382 3471 489 3514 manus
512 3452 701 3514 distinendae
723 3470 816 3513 causa
837 3451 969 3512 miserat.
1013 3449 1055 3512 Hi
1078 3448 1164 3510 simi-

143 3538 271 3600 litudine
304 3558 454 3601 armorum
485 3540 678 3600 vehementer
710 3546 830 3599 nostros
857 3545 1096 3617 perterruerunt,
1131 3554 1166 3596 ac

145 3625 269 3686 tametsi
291 3626 405 3687 dextris
427 3625 559 3686 humeris
582 3626 709 3687 exsertis
732 3623 1059 3696 animadvertebantur,
1088 3623 1166 3702 quod

145 3711 262 3791 insigne
284 3720 425 3791 pacatum
449 3732 515 3774 esse
537 3721 714 3785 consuerat,
737 3720 839 3772 tamen
860 3711 891 3771 id
913 3709 1012 3788 ipsum
1035 3709 1082 3770 sui
1102 3708 1163 3769 lal-

145 3797 227 3858 lendi
248 3817 341 3860 causa
362 3798 473 3860 milites
496 3799 535 3859 ab
556 3799 695 3860 hostibus
716 3799 827 3860 lactum
850 3796 1073 3858 existimabant.
1101 3795 1165 3856 Eo·
1180 3821 1209 3858 ro

147 3884 216 3944 dem
237 3892 372 3964 tempore
393 3884 429 3945 L.
446 3885 558 3947 Fabius
580 3885 711 3947 centurio
727 3884 835 3964 quique
850 3900 911 3944 una
928 3902 1042 3943 murum
1058 3901 1165 3943 ascen-

146 3971 257 4031 derant
289 3970 481 4032 circumventi
514 3980 604 4052 atque
631 3971 781 4033 interiecti
808 3971 845 4031 de
872 3986 957 4031 muro
983 3968 1166 4116 praecipita·
