2616 4492
408 297 479 344 nm.
493 298 534 346 ns
554 299 629 347 cnr.
645 282 782 346 23-28.
1063 280 1106 346 37

87 435 269 511 subsidium,
293 435 373 517 quod
395 436 541 499 summitti
562 445 681 518 posset,
705 441 789 496 scuto
812 433 851 495 ab
866 433 1038 497 novissimis
1053 435 1107 498 uni

86 523 178 585 militi
200 523 351 595 detracto,
381 524 462 602 quod
482 522 547 603 ipse
569 542 605 585 eo
627 523 693 585 sine
715 529 800 583 scuto
822 529 965 595 venerat,
987 521 1020 583 in
1041 521 1106 602 pri-

85 629 168 672 mam
191 608 284 670 aciem
306 609 454 688 processit
474 609 754 687 centurionibusque
776 606 952 669 nominatim
968 608 1106 688 appella·

87 697 127 757 tis
155 695 284 775 reliquos
312 695 487 756 cohortatus
510 695 621 757 milites
644 696 731 776 signa
751 693 861 755 inferre
883 703 914 754 et
935 694 1106 775 umnipulos

87 782 192 844 laxare
213 781 315 854 iussit,
343 801 400 862 qno
423 781 538 843 facilius
561 782 667 862 gladiis
689 781 734 842 uti
756 789 889 859 possent.
934 779 1027 842 Cuius
1049 783 1135 844 rad-s

87 878 180 930 ventu
213 888 266 947 spe
298 866 395 929 inlata
422 867 567 929 militibus
596 887 632 929 ac
658 868 860 946 redintegrato
889 867 1005 942 animo,
1039 887 1107 930 curn

87 974 142 1035 pro
172 974 204 1015 se
231 954 357 1035 quisque
383 954 416 1015 in
438 963 600 1034 conspectu
621 953 812 1034 imperatoris
835 953 926 1014 etiam
948 953 980 1014 in
1003 962 1106 1015 extre-

87 1041 145 1103 mis
174 1040 236 1102 suis
264 1042 354 1102 rebus
383 1059 503 1120 operam
526 1060 641 1102 navare
663 1048 799 1122 cuperet,
827 1038 955 1120 paulum
972 1039 1110 1102 hostium·

87 1128 218 1207 impetus
241 1129 381 1190 tardatus
403 1135 460 1187 est.

153 1213 277 1288 Caesar,
304 1232 371 1275 curn
399 1211 559 1292 septimam
585 1212 747 1294 legionem,
782 1228 859 1290 qnae
885 1210 972 1272 iuxta
993 1212 1151 1275 consti-no

88 1308 186 1374 terat,
219 1300 292 1361 item
324 1299 443 1380 urgueri
466 1299 505 1360 ab
527 1298 615 1360 hoste
643 1298 786 1370 vidisset,
821 1296 957 1358 tribunos
979 1298 1108 1361 militum
1122 1325 1146 1363 n

89 1386 220 1461 monuit,
253 1392 289 1447 ut
320 1385 467 1465 paulatim
496 1404 562 1445 sese
589 1385 721 1466 legiones
749 1383 962 1462 coniungerent
983 1395 1014 1446 et
1035 1404 1109 1448 con-

87 1491 179 1535 versa
201 1473 287 1553 signa
307 1470 340 1532 in
361 1472 465 1533 hostes
487 1471 639 1533 inferrent
683 1469 751 1540 Quo
772 1471 851 1530 facto
874 1488 941 1531 cnm
961 1471 1040 1532 alius
1056 1471 1111 1533 alii

88 1559 256 1621 subsidium
277 1560 383 1632 ferret,
407 1577 502 1636 neque
523 1557 679 1630 timerent,
703 1577 740 1618 ne
756 1556 856 1618 aversi
878 1557 916 1617 ab
938 1556 1026 1618 hoste
1048 1557 1108 1619 cir-

87 1645 339 1716 cumvenirentur,
368 1643 512 1705 audacius
535 1644 676 1704 resistere
698 1662 735 1704 ac
754 1643 861 1704 fortius
883 1661 1017 1722 pugnare
1039 1663 1110 1706 coe-
1124 1670 1151 1709 rr

87 1739 206 1812 pernnt
249 1729 376 1791 Interim
403 1729 513 1790 milites
541 1729 692 1809 legionum
715 1730 855 1800 duarum,
890 1748 966 1808 qnae
993 1729 1027 1790 in·
1051 1749 1109 1794 no-

88 1817 214 1878 vissimo
248 1815 366 1895 agmine
398 1814 550 1894 praesidio
577 1814 799 1893 impedimentis
826 1815 965 1888 fuerant,
994 1815 1109 1894 proelio

90 1902 230 1964 nuntiato
253 1920 340 1962 cursu
367 1901 492 1963 incitato
519 1901 551 1961 in
579 1919 694 1961 summo
717 1900 792 1962 colle
815 1901 854 1961 ab
876 1900 1014 1962 hostibus
1037 1921 1110 1964 con-

90 1988 305 2070 spiciebantur,
340 1996 371 2048 et
398 1988 434 2049 T.
457 1986 610 2049 Labienus
638 1987 746 2048 castris
773 1986 905 2048 hostium
937 1988 1051 2066 potitus
1079 1997 1111 2051 et

89 2095 128 2137 ex
149 2075 214 2136 loco
238 2073 405 2153 superiore,
434 2093 512 2154 quae
534 2093 581 2134 res
603 2072 635 2133 in
657 2073 770 2135 nostris
792 2073 901 2135 castris
924 2083 1108 2154 gererentur,
1123 2101 1153 2141 sc

89 2161 278 2241 conspicatus
301 2160 447 2221 decimam
468 2159 614 2240 legionem
637 2160 770 2221 subsidio
793 2159 905 2221 nostris
927 2161 1019 2223 misit
1049 2159 1110 2230 Qui

88 2267 157 2310 curn
180 2267 217 2308 ex
239 2246 370 2327 equiturn
393 2255 424 2307 et
445 2245 582 2307 calonum
604 2247 689 2326 fuga,
719 2266 777 2327 qno
799 2245 831 2307 in
853 2246 917 2308 loco
940 2266 989 2309 res
1013 2255 1108 2323 esset,

88 2343 260 2415 quantoque
291 2333 323 2394 in
350 2331 483 2412 periculo
509 2342 540 2393 et
561 2342 663 2394 castra
685 2340 717 2394 et
738 2332 869 2412 legiones
893 2341 924 2394 et
944 2333 1110 2413 imperator

88 2428 269 2495 versaretur,
298 2418 525 2498 cognovissent,
553 2418 628 2479 nihil
655 2420 695 2481 ad
716 2418 900 2481 celeritatem
923 2419 980 2481 sibi
1002 2419 1109 2502 reliqui

88 2509 228 2569 fecerunt
272 2506 388 2567 Horum
422 2506 554 2566 adventu
587 2514 675 2567 tanta
708 2525 807 2567 rerum
840 2506 1033 2568 commutatio
1062 2513 1152 2568 ester

87 2595 183 2666 facta,
217 2602 252 2653 ut
279 2592 377 2653 nostri
404 2591 494 2652 etiam
517 2591 567 2671 qui
588 2591 761 2653 vulneribus
784 2592 909 2653 confecti
930 2592 1108 2672 procubuis-
1121 2619 1150 2659 rc

89 2689 159 2742 sent
191 2679 284 2740 scutis
310 2678 405 2738 innixi
426 2677 574 2756 proelium
595 2678 839 2758 redintegrarent.
886 2678 965 2739 Turn
987 2679 1108 2742 calones

88 2765 266 2847 perterritos
298 2764 403 2824 hostes
437 2763 600 2843 conspicati
633 2765 723 2826 etiam
750 2764 879 2826 inermes
907 2766 1033 2827 armatis
1055 2784 1108 2827 oc-

88 2859 259 2923 currerunt,
283 2849 397 2930 equites
419 2868 506 2922 vcro,
529 2858 564 2910 ut
586 2851 799 2930 turpitudinem
820 2852 908 2930 fugae
923 2851 1036 2913 virtute
1052 2853 1109 2914 de·

88 2940 200 3012 lerant,
230 2934 397 2997 omnibus
388 2954 421 2995 111
442 2934 515 2996 locis
538 2946 688 3015 puguant,
717 2956 775 3018 quo
798 2957 831 2998 se
853 2937 1024 3017 legionariis
1048 2937 1107 3000 mi·
1121 2964 1151 3003 eo

88 3025 193 3087 litibus
215 2998 409 3102 praeferrent
451 3018 499 3082 At
524 3021 628 3082 hostes
655 3023 747 3084 etiarn
767 3023 800 3084 in
822 3032 957 3085 extrema
978 3043 1032 3103 spe
1054 3042 1107 3084 sa-

89 3111 161 3173 lutis
185 3117 302 3170 tantam
323 3106 465 3167 virtutem
487 3108 717 3185 praestiterunt,
740 3117 784 3182 ut,
808 3109 984 3188 comprimi
1006 3127 1107 3170 eornm

89 3197 281 3267 cecidissent,
304 3191 432 3273 proximi
453 3192 621 3253 iacentibus
643 3194 818 3256 insisterent
839 3203 930 3274 atque
952 3213 989 3256 ex
1004 3212 1108 3256 eorum

91 3282 266 3363 corporibus
299 3287 485 3360 pugnarent3
516 3279 564 3340 his
598 3277 719 3340 deiectis
748 3289 778 3340 et
805 3280 988 3341 coacervatis
1011 3281 1106 3342 cada-

89 3370 211 3432 veribus
246 3367 296 3447 qni
328 3373 521 3446 superessent
553 3374 587 3427 ut
620 3384 656 3425 ex
688 3364 801 3426 tumulo
834 3365 898 3426 tela
928 3365 960 3427 in
987 3375 1107 3428 nostros
1120 3393 1149 3433 es

89 3456 270 3518 conficerent
297 3461 327 3514 et
347 3452 411 3532 pila
432 3452 600 3531 intercepta
621 3451 820 3513 remitterent:
847 3460 882 3513 nt
903 3471 962 3513 non
984 3453 1108 3532 nequic-

91 3562 182 3624 quam
208 3549 313 3602 tantae
334 3538 457 3600 virtutis
479 3537 615 3600 homines
637 3538 762 3599 iudicari
783 3539 905 3600 deberet
927 3558 1017 3601 ausos
1040 3559 1109 3602 esso

90 3628 222 3691 transire
254 3625 434 3693 latissimum
468 3624 593 3699 flumen,
628 3626 789 3686 ascendere
816 3624 981 3686 altissimas
1009 3627 1107 3706 ripas,

91 3715 193 3779 subire
225 3710 444 3792 iniquissimum
477 3711 590 3784 locum;
623 3731 700 3793 quae
731 3711 831 3772 facilia
864 3730 901 3772 ex
927 3711 1108 3776 difficillimis

91 3801 183 3864 animi
205 3799 378 3880 magnitudo
401 3798 565 3878 redegerat.
1121 3828 1151 3866 ,0

155 3887 223 3950 Hoc
243 3885 356 3966 proelio
378 3887 458 3947 facto
481 3893 512 3944 et
533 3903 627 3965 prope
649 3885 689 3945 ad
710 3881 941 3945 internecionem
963 3894 1051 3966 gente
1073 3894 1151 3948 acta

93 3974 214 4039 nomine
240 3971 422 4035 Nerviorum
448 3971 567 4033 redacto
595 3971 723 4034 maiores
745 3978 833 4046 natu,
861 3990 936 4051 quos
958 3991 1021 4034 una
1041 3991 1108 4034 curn
