2616 4492
393 283 464 331 ana
479 282 545 331 1111.
568 265 798 332 caan-29.
1062 265 1107 331 63

86 422 302 495 constiterunt,
335 423 399 485 suis
428 424 565 486 omnibus
593 424 761 487 consecutis
782 423 813 486 in
835 423 939 485 hostes
961 421 1105 502 impetum

84 511 219 571 lecerunt
240 518 330 591 atque
353 529 403 571 eos
425 509 457 572 in
478 511 580 591 fugam
602 511 763 583 dederunt,
786 529 881 590 neque
901 508 1017 588 longius
1031 527 1106 589 pro-

84 595 172 675 sequi
192 603 371 675 potuerunt,
401 598 480 676 quod
502 597 618 678 equites
640 616 759 659 cursum
782 605 884 658 tenere
907 604 997 675 atque
1019 594 1105 657 insu-

84 682 147 743 lam
169 701 274 761 capere
297 701 357 743 non
378 692 547 762 potuerant
596 684 664 745 Hoc
684 702 777 745 unum
800 683 840 744 ad
861 681 1020 762 pristinam
1041 682 1105 744 lor·

83 776 191 829 tunam
213 767 337 829 Caesari
359 769 463 830 deimt.
1118 787 1134 826 ³

147 854 263 915 Hostes
284 854 398 934 proelio
421 854 571 934 superati,
595 856 685 917 simul
707 865 798 936 atque
820 872 854 914 se
875 871 915 914 ex
933 853 1005 932 iuga
1018 853 1149 916 rece-2⁷

83 949 209 1020 pemnt,
243 940 346 1001 statim
380 941 419 1002 ad
452 940 616 1003 Caesarem
649 942 766 1022 legatos
789 942 825 1003 de
846 957 920 1020 paee
942 939 1103 1014 miserunt,

81 1025 205 1089 obsides
228 1027 351 1088 daturos
377 1045 513 1107 quaeque
534 1027 715 1108 imperasset
735 1030 868 1089 facturos
891 1045 958 1087 esse
979 1025 1106 1106 polliciti

83 1121 165 1174 sunt
202 1112 273 1174 Una
294 1131 359 1173 cum
381 1112 429 1174 his
452 1114 561 1195 legatis
577 1113 729 1177 Commius
744 1113 879 1183 Atrebas
894 1111 993 1186 venit,
1017 1131 1105 1194 quem

83 1218 178 1281 supra
199 1199 475 1261 demonstraveram
498 1219 517 1262 a
538 1199 674 1263 Caesare·
692 1200 724 1263 in
745 1198 934 1264 Britanniam
955 1198 1105 1279 praemis·
1119 1221 1149 1260 ro

83 1305 160 1347 snm.
205 1285 294 1346 Hunc
325 1284 370 1346 illi
403 1305 420 1347 e
452 1286 524 1348 navi
546 1306 714 1367 egressum,
748 1305 816 1348 cum
837 1286 877 1347 ad
900 1304 952 1346 eos
975 1285 1105 1348 oratoris

83 1372 172 1433 modo
200 1370 342 1433 Caesaris
365 1373 511 1433 mandata
532 1374 675 1448 deferret,
704 1372 993 1454 comprehenderant
1012 1379 1106 1452 atque

83 1456 114 1518 in
135 1457 257 1520 vincula
278 1456 480 1531 coniecerant;
512 1466 578 1521 tum
600 1459 713 1539 proelio
734 1461 815 1522 lacto
838 1457 1025 1520 remiserunt
1067 1457 1106 1521 In

83 1544 217 1623 petenda
237 1563 312 1624 pace
334 1543 397 1605 eins
419 1543 464 1604 rei
485 1544 602 1625 culpam
624 1545 656 1607 in
678 1545 900 1607 multitudinem
916 1542 1106 1646 coniQerunt

84 1638 130 1704 et,
153 1639 277 1711 propter
289 1629 524 1711 imprudentiam
539 1639 573 1692 ut
586 1631 798 1712 ignosceretur,
820 1630 1001 1711 petiverunt
1024 1629 1105 1693 Cae-
1119 1653 1148 1693 rs

83 1735 136 1777 sar
157 1725 297 1797 questus,
321 1718 416 1797 quod,
439 1736 505 1777 cum
527 1717 608 1778 ultro
629 1718 661 1778 in
683 1717 883 1779 continentem
905 1715 1014 1795 legatis
1029 1715 1105 1779 mis-

85 1801 128 1863 sis
150 1821 255 1883 pacem
278 1803 316 1864 ab
339 1823 372 1864 se
394 1802 558 1882 petissent,
581 1803 694 1865 bellum
715 1803 781 1865 siue
803 1821 896 1864 cansa
915 1800 1104 1876 intulissent,

84 1888 239 1969 ignoscere
271 1888 490 1969 imprudentiae
519 1889 596 1951 dixit
617 1890 797 1970 obsidesque
819 1888 995 1968 imperavit;
1028 1908 1105 1969 quo-

84 1993 151 2035 rum
172 1974 217 2037 illi
238 1984 356 2055 partem
379 1975 484 2037 statim
507 1976 667 2052 dederuut,
691 1985 805 2056 partem
829 1995 867 2037 ex
887 1973 1105 2056 longinquiori-

85 2062 141 2123 bus
169 2060 241 2123 locis
264 2061 441 2124 accersitam
463 2062 566 2142 paucis
589 2063 694 2126 diebus
717 2082 784 2124 sese
807 2063 931 2124 daturos
955 2062 1104 2125 dixerunt.
1118 2084 1148 2126 so

84 2147 206 2209 Interea
232 2168 302 2209 suos
330 2149 492 2228 remigrare
519 2149 550 2210 in
580 2169 669 2229 agros
690 2149 860 2223 iusserunt,
895 2148 1104 2229 principesque

85 2233 215 2313 undique
242 2235 402 2296 convenire
436 2245 467 2296 et
493 2254 526 2296 se
553 2235 749 2317 civitatesque
777 2255 850 2297 suas
872 2233 997 2296 Caesari
1019 2253 1103 2297 com·

84 2322 227 2381 mandare
249 2330 419 2401 coeperunt

147 2406 206 2467 His
228 2408 316 2468 rebus
338 2427 412 2487 pace
438 2407 615 2470 continuata
636 2414 707 2487 post
728 2407 807 2469 diem
830 2415 986 2488 quartum,
1014 2411 1147 2485 quam28

85 2502 134 2553 est
154 2492 186 2553 in
206 2493 394 2555 Britanniam
417 2503 555 2568 venturu,
579 2512 674 2556 naves
697 2509 806 2567 xvnr,
830 2494 868 2555 de
889 2493 997 2572 quibus
1013 2511 1147 2572 supraru

85 2580 323 2640 demonstratum
346 2588 407 2654 est,
432 2599 509 2660 quae
532 2581 647 2660 equites
670 2579 871 2654 sustulerant,
894 2597 932 2640 ex
952 2578 1104 2659 superiore

85 2673 174 2744 portu
207 2665 267 2725 leni
299 2675 390 2727 vento
419 2666 583 2728 solverunt.
628 2664 716 2737 Quae
739 2684 806 2728 curu
829 2664 1105 2745 adpropinquarent

84 2750 262 2811 Britanniae
285 2761 316 2812 et
336 2770 374 2812 ex
387 2751 495 2813 castris
510 2752 694 2827 viderentur,
717 2760 807 2814 tanta
820 2759 988 2831 tempestas
1003 2751 1104 2815 subito

85 2844 188 2896 coorta
220 2845 282 2907 est,
315 2844 350 2895 ut
381 2836 466 2897 nulla
498 2857 600 2901 earum
627 2858 745 2901 cursum
771 2847 875 2901 tenere
895 2847 1015 2918 posset,
1049 2838 1105 2900 sed

85 2920 164 2981 aliae
185 2921 306 2993 eodem,
334 2922 414 2982 unde
437 2932 523 2983 erant
544 2925 711 3004 profectae,
739 2925 929 2996 referrentur,
963 2923 1041 2986 aliae
1064 2924 1105 2986 ad
1120 2941 1149 2982 ao

84 3005 255 3067 inferiorem
278 3013 395 3087 partem
417 3005 549 3080 insulae,
572 3028 650 3088 quae
666 3020 713 3072 est
726 3010 849 3091 propius
865 3008 938 3071 solis
954 3028 1103 3083 occasum,

84 3111 193 3172 magno
216 3092 263 3153 sui
284 3111 351 3154 cum
373 3091 505 3171 periculo
527 3094 740 3168 deiicerentur3
763 3116 840 3176 quae
861 3104 965 3157 tamen
987 3094 1104 3157 ancoris

84 3179 171 3241 iactis
194 3197 260 3241 cum
282 3178 420 3240 ductibus
435 3178 664 3258 complerentur,
687 3182 857 3244 necessario
871 3181 1003 3244 adversa
1016 3189 1105 3243 nocte

83 3266 116 3327 in
138 3265 233 3327 altum
256 3274 418 3346 provectae
441 3264 641 3328 continentem
662 3266 820 3345 petierunt.

148 3351 266 3413 Eadem
289 3360 376 3414 nocte
398 3350 520 3426 accidit,
553 3361 587 3415 ut
614 3361 697 3413 esset
723 3352 797 3414 luna
823 3353 928 3433 plena,
963 3351 1012 3433 qui
1039 3350 1149 3435 dies29

85 3438 251 3500 maritimos
279 3449 383 3500 aestus
406 3437 564 3499 maximos·
581 3438 612 3500 in
641 3436 762 3501 Oceano
790 3439 905 3501 efficere
933 3439 1103 3517 consuevit,
1117 3463 1146 3504 ec

82 3524 254 3605 nostrisque
276 3525 307 3587 id
329 3534 395 3587 erat
415 3523 608 3604 incognitum.
651 3525 701 3587 Ita
722 3544 782 3587 uno
802 3534 939 3605 tempore
954 3534 985 3586 et
999 3526 1105 3606 longas

83 3626 193 3683 naver,
217 3611 326 3691 quibus
349 3610 463 3672 Caesar
485 3611 646 3673 exercitum
660 3613 930 3693 transportandum
945 3619 1106 3675 curaverat

84 3716 219 3777 quasque
252 3697 284 3759 in
317 3697 434 3759 aridum
461 3698 662 3772 subduxerat,
696 3706 800 3761 aestus
827 3696 1044 3776 compleverat,
1073 3706 1105 3761 et

86 3783 257 3858 onerarias,
291 3804 367 3864 quac
400 3785 441 3846 ad
467 3803 595 3847 ancoras
623 3792 711 3847 erant
739 3783 903 3864 deligatae,
937 3792 1103 3865 tempestas
1117 3810 1147 3851 ro

84 3869 276 3944 adflictabat,
304 3890 400 3950 neque
427 3869 490 3932 ulla
512 3871 623 3933 nostris
645 3871 775 3933 facultas
797 3879 852 3931 aut
874 3869 1105 3935 administrandi

85 3964 140 4017 aut
161 3955 327 4019 auxiliandi
349 3958 485 4019 dabatur.
530 3956 741 4038 Compluribus
763 3956 893 4021 navibus
912 3958 1018 4023 fractis
1032 3957 1104 4021 reli-
