2616 4492
367 294 437 342 nm.
453 293 529 340 vm.
553 292 629 340 cnr.
646 275 782 340 31—36.
1020 275 1078 341 llll

127 432 217 506 Quod
239 452 305 496 oum
320 433 596 495 animadverterent
610 431 752 512 oppidani
767 432 993 512 miserrimaque
1005 431 1082 495 Ale-
1091 437 1125 488 34

62 523 127 584 siae
154 519 299 581 memoria
320 518 439 580 solliciti
462 519 589 579 similem
610 537 712 580 casum
735 519 918 581 obsessionis
940 538 1083 581 vereren-

62 617 122 680 tur,
144 606 334 686 maximeque
356 624 395 666 ex
417 605 553 666 omnibus
575 603 748 677 Lucterius,
772 605 823 684 qui
845 607 981 667 fortunae
1004 605 1084 668 illius

61 693 226 774 periculum
258 693 386 766 fecerat,
419 699 556 752 moneret
582 691 722 755 frumenti
750 692 896 753 rationem
925 711 992 753 esse
1025 692 1085 753 ha-

62 781 213 852 bendam,
247 778 433 839 constituunt
466 777 596 838 omnium
623 797 771 839 consensu
798 787 885 857 parte
911 779 953 840 ibi
979 779 1112 842 relictae

63 866 218 947 copiarum
245 864 303 944 ipsi
330 883 395 926 curn
418 864 565 944 expeditis
593 866 632 925 ad
658 864 881 943 importandum
903 867 1085 927 frumentum

63 951 220 1034 proticisci.
263 950 310 1012 Eo
333 950 455 1012 oonsilio
478 951 604 1030 probato
627 951 763 1030 proxima
785 961 871 1013 nocte
894 953 1009 1014 duobus
1024 952 1085 1013 mi-

63 1039 143 1100 libus
177 1046 361 1098 armatorum
394 1037 507 1098 relictis
535 1036 665 1117 reliquos
693 1056 732 1099 ex
760 1038 870 1118 oppido
892 1038 1031 1118 Drappes
1055 1047 1086 1100 et
1135 1067 1137 1071 ¹

65 1123 226 1186 Lucterius
248 1124 384 1184 educunt.
428 1122 471 1184 Hi
491 1142 604 1202 paucos
627 1123 690 1185 dies
713 1124 822 1187 morati
844 1143 883 1185 ex
897 1125 1007 1186 finibus
1023 1124 1086 1186 Ca-

65 1212 241 1283 durcorum,
275 1209 326 1290 qui
352 1209 464 1290 partim
492 1228 523 1270 re
550 1209 749 1271 frumentaria
775 1211 933 1272 sublevare
959 1230 1011 1272 eos
1033 1230 1086 1272 cu·
1102 1236 1129 1272 to

64 1296 203 1377 piebant,
226 1296 335 1375 partim
355 1296 529 1376 prohibere,
552 1315 612 1376 quo
634 1297 732 1357 minus
753 1306 917 1371 sumerent,
940 1315 1000 1358 non
1015 1305 1087 1375 pot-

66 1391 169 1456 erant,
196 1401 336 1462 magnum
358 1401 514 1443 numerum
541 1383 684 1443 frumenti
713 1391 903 1463 comparant,
933 1401 1085 1443 nonnum-

69 1488 159 1550 quam
187 1481 289 1529 autem
316 1468 556 1547 expeditionibus
584 1468 737 1529 nocturnis
765 1470 893 1530 castella
915 1478 1087 1530 nostrorum

66 1554 252 1617 adoriuntur.
302 1550 402 1622 Quam
430 1554 469 1615 ob
497 1572 619 1615 causam
648 1553 743 1616 Gaius
770 1554 915 1616 Caninius
943 1563 1008 1617 toto
1032 1574 1087 1634 op-

65 1641 137 1722 pido
164 1638 347 1701 munitiones
374 1638 557 1700 circumdare
584 1648 728 1715 moratur,
756 1660 794 1701 ne
824 1650 877 1701 aut
899 1659 973 1721 opus
997 1640 1088 1700 effeo-
1102 1666 1129 1703 rs

67 1736 132 1789 tum
159 1725 238 1787 tueri
259 1743 320 1786 non
341 1725 440 1806 possit
461 1734 515 1786 aut
535 1725 672 1806 plurimis
693 1725 725 1788 in
746 1725 820 1788 loeis
841 1726 960 1788 infirma
982 1727 1087 1806 dispo-

67 1821 123 1874 nat
143 1810 304 1890 praesidia.

132 1897 247 1976 Magna
277 1896 364 1977 copia
394 1897 535 1958 frumenti
563 1905 739 1977 comparata
758 1896 926 1958 considunt
949 1897 1088 1977 Drappes
1097 1905 1131 1957 35

68 1993 101 2046 et
121 1982 279 2045 Lucterius
301 2002 361 2045 uon
383 1982 500 2063 longius
523 1984 563 2045 ab
585 1983 695 2064 oppido
716 2000 742 2046 x
757 1982 893 2058 milibus,
916 1985 995 2046 unde
1010 2004 1088 2064 pau-

68 2069 154 2132 latim
181 2070 360 2131 frumentum
382 2068 414 2130 in
436 2069 578 2150 oppidum
600 2078 822 2150 supportarent.
866 2070 930 2150 Ipsi
955 2071 1034 2131 inter
1057 2090 1089 2132 se
1103 2099 1133 2136 so

68 2155 241 2237 provincias
261 2155 448 2235 partiuntur:
471 2157 612 2236 Drappes
627 2157 735 2218 eastris
751 2156 903 2237 praesidio
919 2176 986 2218 cum
1001 2166 1089 2236 parte

57 2234 223 2323 'copiarum
251 2242 378 2316 restitit,
405 2242 564 2304 Lucterius
587 2262 694 2324 agmen
715 2243 914 2305 iumentorum
937 2244 977 2304 ad
999 2243 1088 2322 oppi-
1189 2290 1190 2294 ,

69 2330 141 2391 dnm
174 2328 262 2390 ducit.
306 2329 472 2409 Dispositis
498 2328 542 2390 ibi
567 2322 832 2410 praesidiisfhora
854 2329 951 2391 noctis
974 2329 1090 2391 circiter

70 2415 186 2478 decima
211 2415 400 2478 silvestribus
428 2415 622 2496 angustisque
649 2416 806 2478 itineribus
828 2416 1009 2477 frumentum
1032 2415 1092 2476 irn-

70 2509 191 2583 portare
224 2501 255 2564 i‘n
288 2502 429 2582 oppidum
456 2502 596 2565 instituit
646 2500 780 2572 Quorum
804 2503 962 2582 strepitum
984 2501 1092 2583 vigiles
1105 2528 1134 2567 rs

70 2596 237 2650 castrorum
261 2607 327 2649 cum
349 2589 531 2662 sensissent,
555 2588 821 2669 exploratoresque
842 2588 929 2650 missi
944 2607 1021 2669 quae
1038 2606 1092 2669 go-

70 2682 208 2737 rerentur
234 2674 474 2748 renuntiassent,
502 2674 648 2736 Caninius
676 2676 810 2738 celeriter
831 2693 898 2736 cum
921 2674 1092 2736 cohortibus

71 2759 196 2822 armatis
230 2777 267 2818 ex
297 2759 441 2838 proximis
468 2760 602 2821 castellis
628 2761 660 2821 in
680 2760 892 2823 frumentarios
915 2762 972 2822 sub
993 2761 1092 2840 ipsam

71 2846 168 2907 lucem
194 2844 339 2923 impetum
360 2845 439 2907 iecit.
482 2846 524 2907 Hi
545 2846 702 2924 repentino
724 2847 804 2908 malo
827 2847 980 2926 perterriti
1002 2846 1093 2908 diffu-

73 2931 159 3012 giunt
185 2931 225 2991 ad
252 2949 309 2990 sua
334 2931 501 3008 praesidia3
535 2950 611 3010 quae
634 2933 729 2994 nostn'
749 2941 784 2994 ut
805 2932 962 3006 viderunt,
996 2932 1093 2994 acrius
1107 2961 1136 2998 oo

72 3024 182 3080 contra
203 3023 335 3077 armatos
357 3014 474 3077 incitati
496 3017 643 3078 neminem
666 3037 703 3078 ex
718 3038 752 3080 eo
767 3037 891 3080 numero
906 3017 1009 3079 vivum
1025 3017 1094 3098 capi

72 3103 238 3184 patiuntur.
272 3100 410 3183 Profugit
430 3102 500 3164 iude
522 3121 588 3162 cum
608 3103 713 3183 paucis
735 3103 894 3166 Lucterius
917 3122 972 3165 nec
994 3123 1027 3164 se
1044 3123 1093 3166 re—

72 3189 146 3271 cipit
167 3188 200 3251 in
222 3196 333 3250 castra.

138 3275 186 3338 Re
212 3275 288 3337 bene
316 3282 403 3356 gesta
429 3273 576 3337 Caninius
604 3294 641 3337 ex
663 3275 790 3357 captivis
812 3275 958 3357 comperit
979 3283 1138 3357 panemos

74 3362 227 3443 copiamm
260 3380 327 3424 cnm
359 3361 515 3441 Drappete
544 3381 611 3423 esse
638 3361 669 3423 in
696 3361 802 3424 castris
825 3381 844 3422 a
866 3361 985 3424 milibus
1007 3362 1096 3442 longe
1110 3389 1138 3427 os

75 3463 138 3510 ΧΠ.
184 3446 254 3518 Qua
275 3467 308 3510 re
330 3466 368 3510 ex
389 3447 589 3527 compluribus
610 3447 731 3528 cognita
752 3467 819 3510 cum
841 3448 1028 3528 intellegeret
1045 3449 1097 3509 iu-

76 3542 147 3616 gato
170 3535 243 3596 duce
265 3533 360 3596 altero
383 3534 558 3614 perterritos
579 3534 711 3614 reliquos
732 3534 819 3596 facile
842 3534 968 3614 opprimi
989 3553 1096 3614 posse,

76 3639 204 3697 magnae
225 3621 376 3682 felicitatis
399 3640 467 3682 esse
489 3622 695 3683 arbitrabatur
716 3621 865 3681 neminem
889 3639 926 3680 ex
940 3621 1030 3680 caede
1045 3639 1096 3680 re-

76 3707 189 3786 fugisse
208 3706 241 3768 iu
255 3717 372 3781 castra,
396 3707 446 3787 qui
462 3708 499 3769 de
515 3718 638 3788 accepta
652 3707 824 3769 calamitate
840 3705 977 3768 nuntium
992 3707 1097 3786 Drap·
1145 3782 1150 3793 ·

77 3792 143 3874 peti
167 3795 322 3873 perterret.
367 3793 428 3858 Sed
449 3793 481 3855 in
504 3796 685 3874 experiundo
708 3813 776 3855 cum
798 3793 961 3873 periculum
984 3792 1096 3854 nullum
1110 3790 1144 3860 ω’

77 3879 209 3952 videret,
233 3880 398 3962 equitatum
421 3900 539 3942 omnem
561 3881 789 3960 Germanosque
805 3879 937 3961 pedites,
961 3898 1097 3941 summae

77 3964 250 4029 velocitatis
281 3967 432 4040 homiues,
466 3969 507 4030 ad
532 3978 634 4031 castra
659 3967 791 4031 hostiurn
818 3965 1000 4053 praemittit;
1031 3966 1098 4047 ipse
