2616 4492
216 267 278 331 138
539 283 588 331 nn
610 283 728 332 annuo
751 284 908 333 canmco

213 425 333 497 bantur,
368 442 406 483 ne
434 442 494 503 qua
522 424 622 485 subito
646 424 763 503 eruptio
786 425 884 486 fieret:
918 423 994 485 baec
1019 423 1125 484 eadem
1148 431 1241 485 noctu

214 509 437 572 excubitoribus
460 529 496 570 ac
517 510 609 570 firmis
631 509 791 590 praesidiis
813 511 1003 572 tenebantur.

170 599 205 652 70
280 595 380 676 Opere
413 595 552 658 instituto
582 597 618 657 fit
647 605 785 676 equestre
814 596 960 676 proelium
982 596 1013 656 in
1035 615 1073 658 ea
1094 595 1240 674 planitie,

213 702 303 763 quam
329 682 535 743 intermissam
563 682 688 745 collibus
716 683 777 744 tria
804 683 887 744 milia
914 702 1058 762 passuum
1085 681 1118 742 in
1140 681 1240 762 longi-

183 769 348 831 utudinem
381 777 487 848 patere
521 788 614 847 supra
647 769 926 831 demonstravimus.
982 768 1107 831 Summa
1138 768 1171 829 vi
1199 769 1242 830 ab

212 855 349 934 utrisque
383 855 580 916 contenditur.
624 855 849 917 Laborantibus
876 856 989 918 nostris
1017 856 1133 917 Caesar
1156 853 1239 917 Ger-

214 960 322 1003 manos
345 941 506 1002 summittit
528 941 719 1022 legionesque
734 962 788 1021 pro
805 943 912 1003 castris
928 937 1100 1015 ¹constituit,
1124 960 1162 1003 ne
1178 960 1242 1022 qua

212 1027 313 1089 subito
334 1027 467 1106 inruptio
490 1029 529 1088 ab
552 1028 683 1089 hostium
705 1029 842 1108 peditatu
864 1030 926 1089 fiat.
963 1027 1121 1089 Praesidio
1142 1027 1241 1108 legio-

212 1132 284 1174 num
307 1113 410 1175 addito
434 1114 546 1174 nostris
569 1114 687 1175 animus
711 1125 852 1195 augetur:
876 1116 979 1176 hostes
999 1115 1030 1175 in
1045 1115 1148 1193 fugam
1163 1133 1239 1176 con-

169 1199 281 1263 reiecti
303 1220 336 1260 se
358 1199 417 1279 ipsi
434 1200 623 1262 multitudine
638 1201 806 1280 impediunt
820 1210 909 1281 atque
925 1201 1150 1281 angustioribus
1164 1220 1238 1281 por-

212 1286 253 1346 tis
282 1286 394 1353 relictis
423 1296 650 1348 coacervantur.
696 1286 841 1349 Germani
868 1288 965 1348 acrius
988 1287 1148 1366 usquead
1169 1307 1239 1348 mu-

211 1372 342 1434 nitiones
370 1382 543 1453 sequuntur.
593 1373 645 1435 Fit
671 1393 782 1457 magna
804 1376 925 1435 caedes:
960 1373 1096 1435 nonnulli
1124 1371 1238 1435 relictis

213 1458 298 1539 equis
320 1461 433 1520 fossam
456 1459 587 1520 transire
610 1469 641 1520 et
662 1460 823 1521 maceriam
846 1461 1056 1527 transcendere
1079 1469 1237 1521 conantur.

212 1545 342 1607 Paulum
365 1545 497 1624 legiones
521 1544 644 1620 Caesar,
669 1567 745 1626 quas
765 1566 818 1626 pro
833 1547 915 1614 vallo
930 1547 1140 1620 constituerat,
1163 1565 1238 1625 pro-

168 1632 327 1696 removeri
354 1632 447 1693 iubet.
492 1632 562 1694 Non
589 1634 705 1705 minus,
740 1634 791 1713 qui
818 1633 898 1694 intra
925 1632 1105 1694 munitiones
1134 1641 1238 1705 erant,

212 1719 429 1797 perturbantur
456 1717 554 1802 Galli:
590 1720 686 1780 veniri
715 1721 753 1780 ad
781 1740 814 1781 se
841 1719 997 1781 confestim
1027 1718 1237 1781 existimantes

211 1805 252 1865 ad
280 1822 366 1866 arma
394 1804 597 1879 conclamant3
632 1805 768 1867 nonnulli
795 1805 946 1885 perterriti
967 1805 1000 1867 in
1022 1805 1164 1885 oppidum
1186 1805 1237 1866 in-

211 1901 363 1970 rumpunt.
408 1891 640 1972 Vercingetorix
671 1892 755 1954 iubet
786 1903 891 1971 portas
919 1891 1033 1964 claudi,
1067 1911 1105 1952 ne
1134 1899 1238 1953 castra

211 1978 383 2051 nudentur.¹
426 1977 536 2039 Multis
569 1979 750 2052 interfectis,
785 1978 984 2058 compluribus
1019 1978 1104 2058 equis
1137 1977 1237 2057 captis

166 2091 197 2127 ro
215 2061 361 2124 Germani
384 2083 451 2124 sese
474 2064 629 2143 recipiunt.

166 2156 198 2208 71
275 2149 521 2228 Vercingetorix,
544 2150 720 2230 prinsquam
742 2149 922 2211 monitiones
945 2149 984 2211 ab
999 2148 1147 2211 Romanis
1162 2169 1235 2229 per-

210 2232 358 2307 ficiantur,
393 2236 548 2296 consilium
578 2237 660 2315 capit
687 2255 805 2296 omnem
834 2237 872 2297 ab
902 2257 935 2297 se
948 2236 1123 2314 ,equitatum
1145 2245 1236 2298 noctu

211 2320 369 2382 dimittere.
406 2321 639 2383 Discedentibus
662 2323 803 2396 mandat,
827 2332 861 2383 ut
883 2342 969 2383 suam
992 2321 1117 2401 quisque
1133 2341 1236 2383 eornm

210 2406 364 2468 civitatem
398 2409 489 2468 adeat
523 2427 702 2487 omnesque,
737 2408 788 2487 qui
820 2427 873 2486 per
895 2417 1026 2470 aetatem
1049 2427 1137 2469 arma
1157 2410 1236 2470 ferro

165 2522 193 2559 2³
208 2493 343 2572 possint,
373 2495 412 2554 ad
438 2492 550 2555 bellum
572 2503 688 2574 cogant.
732 2493 797 2555 Sua
818 2494 849 2554 in
871 2494 941 2556 illos
964 2494 1072 2555 merita
1093 2495 1237 2574 proponit

210 2581 456 2658 obtestaturque,
490 2590 525 2642 ut
557 2600 630 2642 suae
657 2580 766 2641 salutis
796 2581 945 2642 rationem
966 2580 1098 2642 habeant
1120 2600 1180 2642 neu
1202 2600 1238 2642 se

210 2666 323 2744 optime
346 2667 382 2726 de
405 2666 554 2727 communi
576 2667 717 2728 libertate
739 2667 879 2728 meritum
902 2666 1041 2727 hostibus
1063 2666 1095 2727 in
1117 2667 1235 2729 crucia-

209 2760 273 2812 tum
310 2753 433 2813 dedant.
479 2750 569 2822 Quod
597 2754 623 2814 si
649 2753 888 2833 indiligentiores
910 2753 1037 2825 luerint,
1065 2753 1150 2814 milia
1176 2753 1237 2815 ho-

210 2837 322 2899 minum
357 2838 473 2900 delecta
505 2853 610 2900 Lxxx
637 2859 698 2901 una
726 2859 829 2901 secum
850 2840 1009 2901 interitura
1033 2840 1235 2902 demonstrat.

165 2954 194 2991 ρο
209 2925 341 2987 Ratione
364 2925 441 2986 inita
464 2925 582 3004 exigere
605 2925 717 2987 dierum
739 2940 821 2987 xxx
842 2929 1039 3000 frumentum,
1068 2927 1122 2987 sed
1143 2927 1237 3005 paulo

210 3011 301 3073 etiam
323 3010 441 3090 longius
464 3011 587 3072 tolerari
608 3031 698 3091 posse
720 3014 876 3091 parcendo.
920 3012 978 3074 His
1001 3013 1082 3073 datis
1104 3015 1236 3074 manda-

208 3097 264 3171 tis,
295 3117 355 3177 qua
377 3106 514 3159 nostrum
537 3117 611 3177 opus
634 3107 701 3159 erat
721 3098 942 3173 intermissum,
972 3100 1104 3160 secunda
1130 3098 1238 3179 vigilia

207 3183 329 3246 silentio
352 3183 522 3263 equitatum
544 3184 646 3246 mittit.
679 3186 876 3247 Frumentum
900 3204 988 3246 omne
1011 3187 1105 3246 adse
1128 3186 1237 3248 referri

206 3271 306 3343 iubet3
341 3270 450 3350 capitis
478 3290 605 3350 poenam
629 3271 681 3346 iis,
706 3272 757 3351 qui
779 3291 839 3332 non
861 3272 1032 3350 paruerint,
1061 3271 1236 3346 constituit;

161 3386 191 3423 aa
206 3377 313 3438 pecus,
348 3357 431 3417 cuius
455 3376 565 3436 magna
587 3367 652 3419 erat
679 3358 765 3438 copia
794 3358 832 3419 ab
859 3358 1034 3419 Mandubiis
1062 3357 1235 3437 compulsa,

205 3443 320 3505 viritim
355 3443 524 3517 distribuit;
558 3445 741 3506 frumentum
773 3463 863 3523 parce
897 3454 928 3506 et
959 3443 1106 3524 paulatim
1133 3445 1237 3507 metiri

206 3529 354 3603 instituit3
378 3529 479 3609 copias
502 3549 621 3603 omnes,
645 3550 720 3610 quas
742 3549 797 3608 pro
821 3530 929 3609 oppido
952 3531 1179 3605 conlocauerat,
1203 3532 1236 3594 in

207 3616 350 3695 oppidum
384 3616 500 3695 recipit.
550 3617 607 3677 His
636 3617 803 3677 rationibus
827 3617 940 3678 auxilia
962 3615 1081 3678 Galliae
1104 3637 1235 3697 exspec-

206 3710 273 3763 tare
296 3712 327 3764 et
349 3703 461 3762 bellum
483 3711 573 3781 parat
595 3703 815 3763 administrare.

162 3791 196 3844 72
273 3784 389 3856 Quibus
419 3789 510 3850 rebus
540 3788 665 3867 cognitis
695 3808 732 3868 ex
758 3787 888 3868 perfugis
912 3798 943 3849 et
965 3789 1094 3868 captivis
1117 3789 1235 3853 Caesar

162 3900 184 3936 o
205 3873 280 3935 hacc
302 3893 411 3954 genera
434 3875 610 3936 munitionis
632 3874 773 3936 instituit
818 3876 947 3935 Fossam
975 3877 1084 3955 pedum
1106 3891 1161 3938 xx
1184 3879 1236 3940 di-

205 3959 293 4022 rectis
326 3960 472 4023 lateribus
510 3961 611 4034 duxit,
645 3971 679 4022 ut
707 3962 770 4023 eius
798 3964 899 4024 fossae
927 3961 1023 4023 solum
1050 3965 1234 4027 tantundem
