2616 4492
225 297 288 362 118
546 302 603 361 'un
625 314 742 363 annuo
767 315 923 363 caturco

223 452 470 517 committendam
502 463 641 528 censent,
674 455 755 536 quod
781 473 874 534 penes
897 473 965 528 eos,
999 453 1027 515 si
1048 453 1080 516 id
1103 453 1249 539 oppidum

225 540 436 614 retinuissent,
459 560 607 603 summam
628 540 773 603 victmme
796 549 935 603 constare
955 539 1183 622 intellegebant.

182 626 217 677 22
248 665 251 671 ·
289 625 443 708 Singulari
474 626 604 688 militnm
630 636 801 688 nostrornm
828 627 935 688 virtuti
957 626 1084 688 consilia
1105 627 1250 706 cuiusque

224 713 307 775 modi
334 712 493 776 Gallorum
520 714 731 788 occurrebant,
764 721 801 774 ut
833 721 881 774 est
908 731 1044 774 summae
1066 732 1160 793 genus
1183 713 1251 775 aol-

194 798 332 862 slertiae
364 808 455 881 atque
484 800 524 861 ad
551 800 652 861 omnia
678 800 827 861 imitanda
848 808 880 861 et
901 800 1070 872 efficienda,
1105 818 1182 879 quae
1209 800 1251 862 ab

225 898 343 966 quoque
376 887 545 959 traduntur,
579 885 780 967 aptissimum.
828 886 910 948 Nam
944 893 974 948 et
1006 884 1123 966 laqueis
1155 885 1252 948 falces

225 971 421 1048 avertebant,
455 991 531 1053 quas
553 991 621 1034 cum
642 972 885 1046 destinaverant,
914 973 1076 1033 tormentis
1097 971 1251 1033 introrsus

224 1057 423 1144 reducebant,
447 1066 478 1120 et
500 1076 639 1140 aggerem
662 1058 806 1121 cuniculis
829 1059 1066 1133 subtrahebant,
1090 1077 1126 1119 ec
1148 1057 1252 1120 scien-
1292 1102 1296 1111 .

224 1143 301 1218 tius,
335 1145 415 1224 quod
442 1146 523 1225 apud
550 1163 601 1206 eos
629 1164 757 1226 magnae
788 1153 859 1206 sunt
880 1144 1022 1206 ferrariae
1045 1153 1137 1224 atque
1160 1163 1252 1207 omne

181 1249 211 1289 ro
225 1248 318 1312 genus
341 1229 542 1293 cuniculorum
565 1240 668 1292 notum
690 1240 780 1312 atque
802 1231 950 1292 usitatum
973 1239 1029 1292 est.
1064 1231 1176 1293 Totum
1192 1250 1252 1292 au-

226 1324 288 1379 tem
319 1335 437 1379 murum
465 1337 502 1378 ex
530 1317 611 1379 omni
637 1326 726 1396 parte
748 1316 881 1378 turribus
904 1316 1177 1379 contabulaverant
1199 1326 1253 1379 at-

228 1422 287 1484 que
319 1402 376 1464 has
404 1403 494 1465 coriis
521 1402 702 1466 intererant
748 1404 827 1466 Tum
849 1403 962 1465 crebris
985 1403 1101 1465 diurnis
1124 1412 1252 1465 noctur-

227 1489 335 1569 nisque
362 1489 569 1569 eruptionibus
597 1498 651 1551 aut
678 1490 779 1570 aggeri
800 1489 899 1569 ignem
921 1489 1092 1551 inferebant
1114 1497 1169 1551 aut
1190 1490 1252 1551 mi-

225 1576 296 1638 lites
319 1585 478 1656 occupatos
500 1576 532 1638 in
554 1594 644 1656 opere
665 1576 876 1638 adoriebantur
891 1583 921 1636 et
935 1584 1107 1637 nostrarum
1121 1575 1252 1638 turrium

183 1680 210 1720 ro
226 1661 432 1738 altitudinem,
460 1671 606 1743 quantum
628 1662 684 1724 has
707 1662 901 1743 quotidianus
929 1680 1020 1742 agger
1042 1671 1251 1742 expresserat,

227 1748 395 1810 commissis
424 1768 547 1826 suarum
574 1748 700 1810 turrium
728 1748 815 1810 malis
838 1749 1053 1828 adaequabant
1074 1757 1106 1809 et
1127 1757 1252 1828 apertos

227 1834 378 1897 cuniculos
410 1844 554 1915 praeusta
586 1843 618 1897 et
649 1844 814 1915 praeacuta
842 1835 971 1896 materia
996 1844 1029 1902 et
1056 1833 1121 1914 pice
1148 1835 1252 1897 terve-

227 1921 310 1982 iacta
337 1929 369 1982 et
395 1921 519 1983 maximi
545 1921 687 2001 ponderis
710 1921 793 1984 saxis
815 1921 1013 1985 morabantur
1034 1920 1251 2004 moenibusque

229 2006 471 2087 adpropinquare
492 2007 703 2088 prohibebant

84 2103 87 2109 ’
185 2089 220 2145 23
291 2091 372 2154 Muri
394 2102 495 2154 antem
517 2112 621 2155 omnes
643 2091 753 2154 Gallici
775 2093 832 2153 hac
852 2093 915 2154 fere
936 2080 1034 2154 forma
1054 2100 1136 2153 sunt.
1168 2093 1251 2156 Tra-

184 2197 210 2235 21
228 2178 283 2240 bes
305 2177 436 2240 directae
456 2188 618 2259 perpetuae
639 2178 672 2240 in
693 2179 910 2260 longitudinem
931 2178 1055 2258 paribus
1069 2178 1250 2256 intervallis,

228 2263 377 2326 distantes
398 2264 477 2326 inter
499 2284 532 2326 se
552 2264 640 2326 binos
661 2265 769 2344 pedes,
793 2265 824 2327 in
847 2264 912 2326 solo
934 2265 1138 2327 conlocantur.
1183 2267 1252 2328 Hae

228 2349 432 2413 revinciuntur
452 2351 602 2412 introrsus
624 2360 656 2413 et
676 2351 772 2412 multo
794 2369 901 2431 aggere
922 2351 1109 2425 vestiuntur3
1133 2371 1172 2414 ea
1193 2372 1252 2415 au-

228 2445 306 2510 tem,
340 2456 416 2516 quae
443 2437 589 2509 diximus,
621 2436 785 2499 intervalla
807 2437 970 2518 grandibus
992 2438 1023 2498 iu
1045 2438 1144 2499 fronte
1166 2439 1251 2500 saxis

184 2542 213 2581 zo
229 2522 430 2585 offarciuutur.
474 2523 532 2584 His
555 2523 718 2585 conlocatis
741 2533 772 2584 et
793 2524 1011 2604 coagmentatis
1034 2523 1112 2585 alius
1126 2525 1252 2606 insuper

229 2610 304 2671 ordo
326 2609 456 2685 additur,
480 2617 515 2671 ut
535 2609 614 2671 idem
636 2609 710 2671 illud
731 2609 923 2672 intervallum
938 2618 1075 2671 servetur
1089 2629 1187 2691 neque
1200 2612 1251 2673 in-

229 2703 277 2757 ter
298 2695 529 2776 se.contingant
555 2697 674 2770 trabes,
708 2698 762 2758 sed
782 2697 907 2777 paribus
929 2696 1120 2758 intermissae
1143 2698 1252 2778 spatiis

229 2780 365 2862 singulae
397 2781 521 2862 singulis
550 2782 632 2844 saxis
658 2783 823 2845 interiectis
850 2792 916 2845 arte
938 2783 1156 2845 contineantur.
1200 2783 1252 2847 Sic

229 2867 368 2948 deinceps
397 2887 485 2930 omne
513 2887 588 2948 opus
611 2869 790 2943 contexitur,
824 2870 894 2930 dum
916 2869 999 2931 iusta
1020 2869 1098 2930 muri
1119 2869 1250 2932 altitudo

188 2965 216 3005 ³⁰
229 2953 392 3034 expleatur.
436 2955 503 3016 Hoc
536 2974 604 3016 cum
629 2955 812 3036 inspeciem
833 2956 1074 3036 varietatemque
1097 2974 1174 3036 opus
1195 2956 1251 3019 de-

228 3042 323 3103 forme
350 3060 411 3103 uon
434 3050 482 3102 est
503 3041 630 3103 alternis
653 3042 790 3104 trabibus
813 3062 849 3104 ac
870 3041 970 3115 saxis,
998 3061 1076 3123 qnae
1099 3042 1189 3105 rectis
1211 3043 1252 3104 li-

229 3127 294 3189 neis
317 3146 387 3189 suos
410 3127 531 3190 ordines
552 3137 691 3202 servant,
714 3138 778 3191 tum
801 3130 841 3191 ad
861 3127 1023 3190 utilitatem
1046 3136 1078 3189 et
1099 3128 1251 3192 defensio-

228 3233 298 3276 nem
319 3213 437 3275 urbinm
460 3233 607 3276 summam
628 3214 723 3277 habet
744 3215 1016 3295 opportunitatem,
1050 3215 1131 3296 quod
1158 3223 1189 3277 et
1211 3216 1251 3278 ab

227 3300 366 3363 incendio
398 3300 476 3381 lapis
506 3310 537 3362 et
564 3300 602 3362 ab
631 3301 725 3363 ariete
747 3301 876 3363 materia
898 3299 1046 3373 defendit,
1079 3320 1157 3382 quae
1177 3321 1251 3383 per·

188 3408 216 3448 as
228 3386 328 3468 petuis
347 3387 488 3467 trabibus
510 3388 602 3467 pedes
623 3388 832 3468 quadragenos
846 3387 1021 3467 plerumque
1034 3386 1186 3450 introrsus
1200 3408 1252 3451 re-

228 3473 330 3536 vincta
352 3492 448 3554 neque
468 3473 622 3554 perrumpi
643 3492 739 3554 neque
761 3472 890 3534 distrahi
911 3482 1020 3553 potest

186 3565 221 3615 24
292 3559 350 3642 His
368 3562 419 3621 ‘tot
440 3561 530 3622 rebus
552 3560 698 3640 impedita
717 3560 940 3639 oppugnatione
955 3559 1082 3633 milites,
1105 3578 1173 3621 cum
1184 3567 1251 3622 toto

228 3655 364 3726 ternpore
389 3647 499 3728 frigore
527 3656 557 3708 et
584 3645 720 3708 adsiduis
743 3645 888 3706 imbribus
911 3648 1114 3719 tardarentur,
1147 3655 1252 3708 tamen

230 3733 394 3795 continenti
415 3734 518 3795 labore
541 3732 643 3794 omnia
663 3729 739 3792 haec
760 3741 975 3812 superaverunt
998 3742 1029 3794 et
1051 3733 1156 3794 diebus
1171 3748 1252 3794 xxv

188 3835 217 3874 ac
230 3838 368 3899 aggerem
399 3819 495 3881 latum
521 3820 615 3899 pedes
638 3833 800 3891 cccxxx,
835 3817 930 3879 altum
952 3821 1045 3899 pedes
1067 3833 1172 3881 Lxxx
1195 3838 1252 3881 ex·

230 3914 412 3967 struxerunt
457 3905 722 4001 Cum-‘ammom
743 3903 876 3966 hostium
898 3924 996 3984 paene
1017 3907 1206 3986 contingeret
1220 3914 1252 3968 et

230 3990 346 4054 Caesar
367 3993 406 4054 ad
428 4011 503 4073 opus
525 3991 740 4055 consuetudine
762 3991 923 4055 excubaret
948 3992 1118 4073 militesque
1142 3992 1252 4055 horta-
