2616 4492
488 268 537 319 os
558 266 842 319 sninorrosnsus.
1133 252 1173 317 31

147 405 270 488 quidem
293 403 382 473 Belli
407 404 531 470 Gallici
553 408 617 471 sive
630 410 685 474 De
701 406 778 472 bello
796 405 925 471 Gallico
940 406 1047 479 Libri,
1072 426 1178 486 quem-

147 495 310 557 admodum
338 493 502 557 Suetonius
527 496 612 578 (Div.
636 497 693 559 Iul.
714 516 738 558 c.
754 495 796 558 56
816 495 877 576 pr.)
902 492 1048 556 Gallici
1079 493 1177 555 belli

146 580 348 644 novissimum
381 581 649 664 imperfectumque
684 583 820 645 librum
855 581 1044 661 supplevisse
1078 580 1177 660 inquit

144 667 292 730 Hirtium.
338 667 446 730 Cetera
469 678 523 730 aut
544 670 634 732 valde
656 688 801 752 perversa
821 678 902 741 suut,
925 678 959 729 ut
982 669 1037 731 De
1051 688 1175 728 marra·

144 755 231 819 tione
260 761 447 837 temporum,
477 755 668 838 premeris
697 777 807 820 rerum
832 763 1005 836 pasturum,
1037 763 1090 814 aut
1114 754 1173 814 du-

144 841 197 903 bis
219 851 311 924 atque
333 842 457 916 incerta,
481 851 516 903 ιιι
538 843 803 915 Commentarius,
828 841 1067 914 Commentarii
1092 841 1172 920 quod

142 939 305 1008 praeterea
332 947 442 991 nomen
465 948 519 991 nec
541 930 573 993 in
595 930 695 1010 prima
717 930 850 992 codicum
874 928 971 990 classe
996 937 1043 988 est
1066 926 1175 989 necin

142 1016 293 1090 secunda,
328 1015 388 1078 nisi
421 1017 501 1096 quod
535 1016 566 1077 iu
599 1017 653 1079 illa
686 1019 725 1078 ad
754 1017 844 1077 finem
873 1016 941 1076 libri
965 1014 1086 1092 septimi
1109 1022 1173 1075 tum

143 1101 404 1167 Commentarius
436 1101 585 1165 (lassaris
617 1114 681 1165 tum
715 1103 814 1166 Liber
848 1101 1008 1184 Septimus
1041 1098 1174 1184 explicit

141 1189 322 1253 adnotatum
343 1198 400 1251 est
430 1187 581 1270 Origiuem
599 1190 630 1252 id
648 1209 757 1252 nomen
770 1189 909 1269 repetita
923 1188 983 1249 Cic.
996 1188 1080 1250 Brut.
1093 1207 1116 1249 c.
1131 1186 1170 1249 tt>

142 1271 173 1360 ξ.
195 1273 271 1348 262,
300 1275 351 1338 ubi
374 1275 450 1338 haec
472 1278 566 1338 verba
594 1285 678 1339 sunt:
716 1276 959 1340 commentarios
986 1275 1172 1356 quosdam

140 1363 277 1444 scripsit
299 1360 459 1446 (Caesar)
483 1383 593 1425 rerum
614 1384 759 1426 suarum.
804 1362 912 1442 Neque
929 1361 1021 1442 igitur
1043 1381 1094 1423 eos
1118 1360 1171 1423 Ci-

140 1467 212 1511 cero
246 1448 306 1511 nisi
338 1449 468 1529 quodam
498 1451 587 1512 modo
616 1449 847 1512 commentarios
876 1448 1076 1529 appellandos
1105 1466 1171 1509 esse

140 1535 329 1599 existimavit
351 1554 458 1616 neque,
482 1546 517 1597 ut
538 1536 618 1598 inter
641 1556 744 1598 omnes
768 1545 899 1610 constat,
923 1536 949 1596 is
971 1535 1036 1614 ipse
1052 1554 1171 1614 semper

139 1641 212 1684 suos
246 1621 341 1685 libros
375 1631 438 1684 tam
472 1624 513 1685 sd
545 1623 774 1702 inscriptionum
808 1623 897 1684 fidem
936 1630 1169 1695 commemorat,

139 1728 233 1791 quam
256 1719 291 1772 ut
313 1728 389 1790 quae
412 1708 586 1772 contineant
610 1711 731 1771 omnino
755 1709 875 1771 indicet
921 1707 983 1769 Cur
998 1726 1069 1769 vero
1087 1726 1170 1769 com·

138 1795 282 1858 menturii
304 1796 349 1858 illi
372 1815 433 1857 non
455 1797 577 1877 proprio
599 1796 747 1859 vocabulo
771 1795 1103 1869 nominentuufliceru
1122 1794 1169 1856 his

138 1882 244 1945 verbis
267 1882 415 1945 declarat:
445 1884 570 1945 ..dum
590 1881 692 1946 uoluit
711 1880 794 1946 alios
808 1882 921 1945 babere
930 1889 1063 1962 parata,
1086 1881 1170 1944 uude

138 1976 301 2032 sumerent
320 1969 375 2049 qui
396 1967 509 2031 uellent
529 1971 665 2033 scribere
693 1969 874 2042 historiam,
898 1968 1016 2050 ineptis
1036 1975 1168 2050 pratum

131 2057 276 2138 fortasse
287 2056 376 2137 fecit,
401 2055 455 2137 qui
475 2055 582 2119 uolent
600 2055 661 2118 illu
680 2055 876 2120 calamistris
895 2055 1043 2117 inurere:
1071 2075 1169 2117 sauss

137 2143 265 2223 quidem
286 2142 431 2205 homiues
451 2163 473 2205 a
502 2143 666 2206 scribendo
695 2143 848 2205 deterruit
854 2162 866 2216 ;
896 2139 983 2202 nibil
1010 2148 1055 2204 est
1083 2141 1169 2203 euim

136 2229 175 2292 irs
206 2228 347 2292 historia
374 2249 464 2310 pura
496 2236 525 2291 ct
556 2229 679 2293 illustri
712 2229 859 2292 brevitate
881 2226 1016 2290 dulcius.
1060 2227 1168 2308 Itaque

136 2334 214 2397 quae
243 2315 365 2378 illorum
392 2314 524 2377 virtutes
552 2316 625 2393 sint,
655 2337 707 2378 eas
730 2316 876 2377 historiae
899 2314 1068 2377 convenire.
1104 2314 1165 2397 (ut.

136 2401 360 2466 commentarii
388 2400 448 2464 Cic.
471 2402 558 2465 Fam.
582 2404 613 2478 5,
640 2404 690 2477 12,
718 2401 783 2486 10).
827 2402 980 2465 Differunt
1010 2403 1102 2464 etiam
1126 2402 1166 2464 ab

134 2487 174 2551 iis
196 2487 328 2568 scriptis,
352 2507 430 2569 quae
453 2487 626 2555 Mlutoires
647 2490 754 2572 gallico
770 2490 892 2552 numine
907 2499 1065 2564 uocantur,
1089 2507 1168 2569 quae

134 2593 197 2638 non
231 2583 303 2638 sunt
335 2575 464 2656 tempori
490 2580 727 2650 accommodata,
762 2586 795 2639 ut
823 2596 920 2639 rernm
944 2576 1162 2640 moliendarum

134 2681 228 2725 sauss
261 2671 376 2724 certam
409 2661 583 2741 opinionem
609 2664 766 2726 hominum
795 2665 963 2726 conficiant.
1010 2663 1163 2726 Ciceronis

134 2749 231 2812 verbs
249 2749 343 2811 refert
365 2747 542 2823 Suetonius,
566 2751 731 2830 eademque
753 2751 854 2813 Hirtio
881 2749 953 2823 147,
969 2749 1075 2811 28-33
1093 2757 1165 2811 ante

134 2835 239 2898 oculos
273 2834 361 2916 qussi
394 2836 557 2898 obversata
584 2856 652 2899 esse
679 2837 800 2898 minime
823 2836 908 2899 latet.
954 2832 1044 2906 Quod
1067 2835 1165 2897 sirei

132 2922 183 2985 bis
206 2922 402 3003 scriptoribus
425 2923 635 2987 commentarii
657 2923 678 2984 ii
701 2922 813 3003 optime
836 2920 985 3002 appellari
1008 2922 1067 2983 visi
1090 2922 1162 2997 sint,

133 3028 196 3072 nun
218 3018 321 3071 tamen
344 3028 381 3071 ex
403 3029 438 3071 eo
461 3010 600 3092 efficitur,
634 3018 669 3072 ut
698 3010 813 3071 Caesar
842 3028 894 3070 eos
922 3007 967 3069 ita
993 3007 1161 3083 vocaverit,

132 3115 188 3158 nec
216 3095 282 3158 fieri
309 3096 410 3176 putuit
436 3106 471 3158 ut
498 3097 529 3158 in
557 3097 655 3177 prima
677 3106 708 3157 et
731 3096 861 3158 secunda
882 3095 919 3156 cl.
942 3114 1067 3174 prorsus
1090 3115 1162 3175 per-

131 3183 229 3245 ditum
251 3183 282 3245 in
304 3184 396 3246 tertia
419 3184 485 3247 sola
507 3184 538 3246 id
561 3202 671 3246 nomen
692 3183 840 3245 incolume
862 3182 1015 3244 manserit.
1061 3182 1160 3243 Multo

131 3269 198 3332 veri
220 3269 348 3333 similius
371 3279 420 3332 est
440 3270 658 3352 posterioribus
678 3271 797 3332 demum
812 3268 998 3350 temporibus
1015 3289 1052 3330 ex
1066 3267 1161 3330 Hirtii

131 3357 183 3419 vel
217 3355 356 3420 Suetonii
390 3357 476 3421 libris
510 3378 529 3421 a
556 3357 652 3420 doctis
675 3356 848 3420 hominibus
871 3355 961 3418 istam
984 3355 1160 3436 inscriptio·

130 3463 199 3506 nem
235 3463 304 3506 esse
336 3443 476 3524 petitam,
511 3453 604 3527 atque
637 3445 675 3507 ob
709 3463 776 3506 eam
805 3462 929 3506 causam
952 3443 1030 3506 hanc
1052 3441 1158 3525 primis

130 3530 296 3594 editoribus
312 3531 365 3592 vix
386 3531 537 3612 cognitam
559 3530 662 3595 fuisse.
707 3531 834 3594 Ineunte
856 3530 1012 3592 undecimo
1036 3528 1155 3592 saeculo

130 3618 266 3681 nondum
288 3636 356 3680 cam
377 3627 529 3697 repertam
553 3639 620 3682 esse
642 3617 731 3681 testis
755 3626 802 3680 est
826 3617 998 3691 Aimoinus‚
1022 3617 1075 3698 qui
1089 3615 1157 3679 Hi-

129 3704 270 3768 storiam
292 3702 364 3767 bclli
388 3702 511 3768 Gallici
535 3705 677 3768 Caesaris
702 3703 814 3788 (Bouq.
837 3725 866 3784 p.
882 3704 942 3787 22)
967 3712 998 3764 et
1019 3704 1158 3767 Librum

130 3790 305 3854 Historias
318 3790 363 3872 (p.
380 3790 438 3875 21)
456 3801 619 3867 memorat3
642 3811 732 3874 qnam
755 3791 782 3853 si
805 3791 953 3852 secundae
975 3788 1082 3853 classis
1105 3790 1155 3851 in-

129 3875 301 3958 terpolssor
323 3879 470 3954 novisset,
493 3877 617 3941 minime
631 3899 668 3941 ee
683 3877 889 3942 abstinuisset.
934 3876 1073 3938 Ceterum
1089 3895 1157 3938 mo-

129 3965 268 4031 nendum
289 3973 338 4030 est
358 3965 491 4034 Hirtium
513 3965 649 4048 ungulis
670 3965 765 4031 libros
787 3963 1019 4031 commentarios
1049 3962 1158 4046 uppal-
