2616 4492
189 306 193 313 “
247 322 317 367 nro.
334 321 398 367 1111.
422 321 498 368 cnr.
516 304 566 366 36.
589 342 633 352 -
655 320 724 367 nm.
742 323 774 367 v.
799 322 875 369 ose.
891 309 921 370 2.
1057 308 1100 372 67

468 535 626 608 LIBER
657 534 700 607 V.

135 704 173 765 L.
196 705 347 780 Domitio,
375 707 437 786 Ap.
459 705 586 767 Claudio
609 706 782 768 consulibus
806 706 963 769 discedens
986 708 1026 769 ab
1048 707 1123 770 hi-1

70 791 172 852 bernis
201 791 317 853 Caesar
337 793 369 854 in
390 793 528 864 Italiam,
563 801 597 853 ut
618 792 780 872 quotannis
802 793 900 854 facere
923 803 1127 869 consuerat,s

71 876 180 957 legatis
215 877 359 958 imperat,
395 898 471 959 quos
505 879 672 959 legionibus
700 879 900 958 praefecerat,
935 880 980 941 uti
1008 900 1099 961 quam

71 963 216 1043 plurimas
239 975 367 1044 possent
389 966 486 1026 hieme
509 984 603 1026 naves
627 965 832 1026 aedificandas
854 976 1032 1047 veteresque
1048 986 1099 1029 re-

71 1050 216 1111 ficiendas
250 1061 398 1113 curarent.
447 1053 563 1113 Earum
598 1052 718 1112 modum
750 1053 938 1132 formamque
972 1053 1099 1116 demon-

71 1144 159 1197 strat.
203 1136 257 1198 Ad
279 1139 465 1200 celeritatem
488 1137 633 1199 onerandi
656 1138 927 1216 subductionesque
940 1139 1032 1218 paulo
1047 1142 1099 1201 fa-

72 1221 113 1282 cit
134 1223 324 1298 humiliores,
349 1244 441 1306 quam
464 1224 572 1304 quibus
594 1224 626 1284 in
648 1232 751 1284 nostro
774 1223 850 1284 mari
872 1224 917 1285 nti
939 1227 1143 1291 consuevi-10

71 1326 154 1381 mus,
178 1317 270 1388 atque
292 1310 324 1372 id
346 1331 381 1372 eo
403 1312 516 1391 magis,
540 1311 766 1390 quodpropter
788 1309 907 1370 crebras
930 1320 1100 1373 commuta-

72 1394 172 1456 tiones
195 1404 333 1458 aestuum
356 1397 454 1459 minus
478 1415 603 1477 magnos
626 1394 668 1456 ibi
691 1394 800 1456 fluctus
820 1395 885 1457 fieri
901 1406 1099 1476 cognoverat3

73 1480 113 1542 ad
146 1499 239 1543 onera
271 1501 308 1544 ac
338 1483 563 1547 multitudinem
595 1481 795 1543 iumentorum
828 1484 1100 1562 transportandam

71 1566 163 1647 paulo
191 1567 331 1642 latiores,
366 1589 458 1650 quarn
485 1569 592 1649 quibus
619 1567 651 1629 in
674 1567 796 1647 reliquis
819 1567 932 1628 utimur
954 1562 1098 1631 maribus.

71 1654 139 1715 Has
162 1672 266 1715 omnes
289 1656 441 1717 actuarias
464 1655 592 1735 imperat
614 1653 695 1726 fieri,
720 1672 810 1732 quam
834 1654 955 1714 adrem
971 1655 1099 1716 multum
1115 1682 1142 1720 rs

70 1739 229 1801 humilitas
251 1741 385 1802 adiuvat.
429 1742 492 1813 Ea,
516 1747 688 1820 quaesunt
711 1739 778 1800 usui
801 1739 841 1799 ad
861 1741 1026 1801 armandas
1041 1760 1100 1803 na-

70 1844 141 1900 ves,
165 1844 204 1886 ex
225 1826 376 1906 Hispania
398 1827 553 1906 adportari
574 1825 667 1886 iubet.
710 1825 782 1903 Ipse
805 1826 1003 1887 conventibus
1019 1824 1100 1889 Gal-

71 1911 132 1973 liae
165 1912 311 1974 citerioris
339 1913 471 1992 peractis
499 1913 531 1974 in
559 1911 712 1992 Illyricum
734 1911 944 1991 proficiscitur,
979 1913 1059 1994 qnod
1081 1931 1102 1974 a

70 1997 204 2060 Pirustis
226 1999 386 2060 finitimam
407 2008 527 2079 partem
549 1997 722 2078 provinciae
745 1996 966 2059 incursionibus
981 1998 1100 2060 vastari

71 2084 223 2146 audiebat.
267 2085 313 2147 Eo
348 2104 414 2147 curn
446 2085 597 2156 venisset,
632 2083 805 2145 civitatibus
833 2083 944 2146 milites
970 2085 1101 2165 imperat
1115 2111 1145 2150 ro

71 2179 246 2250 certumque
278 2171 311 2232 in
342 2170 440 2233 locum
473 2170 632 2234 convenire
664 2169 757 2231 iubet
803 2166 873 2238 Qua
899 2189 932 2232 re
960 2171 1120 2234 nuntiata·

71 2257 215 2319 Pirustae
237 2255 355 2337 legatos
378 2259 418 2320 ad
440 2277 508 2320 eum
530 2258 670 2330 mittunt,
695 2257 746 2336 qui
762 2257 891 2318 doceant
905 2256 980 2319 nihil
996 2276 1101 2331 earnm

71 2363 169 2405 rerum
197 2343 315 2423 publico
344 2343 456 2405 iactum
484 2343 624 2417 oonsilio,
659 2359 783 2422 seseque
806 2350 932 2422 paratos
955 2362 1024 2404 esse
1046 2344 1101 2405 de·

72 2438 244 2492 monstrant
266 2429 404 2492 omnibus
427 2431 596 2492 rationibus
619 2429 656 2490 de
678 2428 794 2489 iniuriis
812 2428 995 2490 satisfacere.
1022 2429 1102 2491 Per-

73 2524 163 2595 oepte
195 2517 330 2578 oratione
359 2536 463 2578 eorum
491 2516 608 2580 Caesar
630 2514 752 2577 obsides
775 2515 906 2594 imporat
928 2535 1040 2596 eosque
1062 2516 1102 2577 ad
1116 2541 1145 2580 rr

73 2611 184 2664 certam
219 2603 297 2664 diem
331 2603 440 2665 adduci
465 2604 564 2678 iubet3
599 2601 657 2663 nisi
685 2600 730 2662 ita
756 2601 895 2675 fecerint,
930 2620 998 2663 sese
1020 2601 1101 2664 bello

73 2689 229 2750 civitatem
250 2698 476 2767 persecuturum
500 2692 700 2751 demonstrat.
734 2687 777 2748 Iis
800 2688 839 2748 ad
862 2686 941 2748 diem
964 2687 1102 2751 adductis
1189 2698 1190 2703 ’

72 2782 108 2836 ut
139 2774 358 2852 imperaverat,
393 2775 523 2837 arbitros
555 2776 635 2836 inter
667 2772 807 2835 civitates
835 2773 904 2846 dat,
939 2773 990 2854 qui
1016 2773 1102 2835 litem

74 2858 238 2921 aestiment
258 2876 447 2937 poenamque
470 2861 666 2922 constituant

139 2942 182 3003 Iis
210 2943 351 3004 confectis
380 2945 469 3005 rebus
492 2945 750 3023 conventibusque
771 2944 904 3024 peractis
926 2942 959 3004 in
981 2942 1128 3005 citeris-2

73 3048 138 3091 rem
172 3026 306 3090 Galliam
339 3030 501 3091 revertitur
534 3040 625 3111 atque
652 3029 723 3090 inde
753 3030 793 3091 ad
820 3028 983 3091 exercitum
1005 3029 1102 3109 profi·
1117 3054 1140 3091 ai

74 3115 203 3177 oiscitur.
248 3114 295 3176 Eo
318 3134 384 3176 cum
406 3115 556 3188 venisset,
580 3115 709 3176 circmtis
730 3115 869 3177 omnibus
884 3113 1020 3175 hibernis
1036 3113 1103 3174 sin-

74 3201 171 3284 gulari
193 3200 321 3263 militum
347 3200 446 3262 studio
469 3201 500 3262 in
523 3219 644 3262 summa
664 3199 796 3271 omnium
811 3219 911 3262 rerum
925 3199 1029 3278 inopia
1043 3198 1102 3260 oir-

74 3289 150 3350 citer
172 3297 332 3350 sexcentas
356 3287 421 3349 eins
445 3287 580 3368 generis,
603 3287 687 3348 cuius
708 3304 801 3365 supra
816 3284 1102 3358 demonstravimus,

74 3395 170 3437 naves
194 3383 226 3436 et
247 3375 355 3455 longas
377 3389 500 3435 xxvm
522 3373 640 3436 invenit
661 3372 842 3445 instructas,
866 3389 962 3450 neque
977 3368 1103 3432 multum
1117 3394 1146 3433 ee

75 3464 185 3524 abesse
207 3462 247 3522 ab
271 3480 322 3534 eo,
357 3461 429 3541 quin
457 3461 561 3541 paucis
585 3459 689 3521 diebus
712 3457 818 3519 deduci
841 3463 975 3537 possent.
1021 3455 1104 3517 Con-

74 3547 208 3610 laudatis
231 3547 377 3609 militibus
400 3555 492 3628 atque
513 3547 567 3621 iis,
591 3545 642 3628 qui
664 3544 783 3624 negotio
804 3543 1009 3623 praefuerant,
1032 3541 1105 3622 quid

76 3636 141 3697 fieri
173 3634 265 3708 velit,
301 3633 435 3695 ostendit
464 3642 555 3715 atque
583 3651 687 3694 omnes
711 3631 750 3692 ad
772 3637 893 3709 portum
916 3626 1007 3689 Itium
1030 3645 1103 3688 con-

76 3721 178 3783 venire
200 3720 299 3792 iubet,
323 3738 381 3800 quo
405 3739 443 3781 ex
463 3728 555 3800 portu
577 3715 852 3780 commodissimum
867 3714 900 3775 in
915 3713 1105 3775 Britanniam

76 3808 235 3869 traiectum
264 3825 330 3866 esse
352 3814 549 3886 cognoverat,
579 3804 696 3866 circiter
718 3801 832 3862 milium
854 3818 1000 3881 passuum
1023 3812 1104 3860 xxx
1117 3823 1148 3861 so

77 3892 287 3954 transmissum
311 3911 331 3952 a
352 3892 526 3954 continenti.
560 3891 640 3953 Huic
661 3890 704 3952 rei
726 3889 807 3968 quod
829 3885 905 3947 satis
922 3904 990 3946 esse
1004 3885 1104 3946 visum

77 3987 124 4041 est
145 3978 275 4040 militum
296 3977 425 4058 reliquit.
459 3978 530 4058 Ipse
552 3997 620 4040 cum
642 3974 811 4059 legionibus
835 3971 985 4053 expeditis
1000 3987 1058 4032 1111
1073 3977 1104 4031 et
