2616 4492
379 312 449 359 arn.
465 311 527 359 vu.
548 311 626 359 ose.
644 294 779 358 la-lt.
1026 296 1088 360 llo

61 431 170 521 ¹feriter
191 450 306 513 amissa
330 451 559 531 reciperaturos.
609 451 819 532 Confligebant
840 451 878 513 do
899 448 1035 513 Avarico
1055 450 1088 515 io

69 528 219 621 communi
241 537 381 612 concilio,
409 538 528 600 incendi
554 538 687 618 placeret
707 557 748 598 an
769 535 895 600 defendi.
939 535 1088 599 Procum-

65 624 149 685 bunt¹
164 623 302 686 omuibus
326 624 425 686 Gallis
449 625 491 687 ad
511 625 603 705 pedes
625 623 785 704 Bituriges,
808 621 1089 706 nepulcbenimam

66 728 161 790 prope
183 711 278 773 totius
301 710 421 772 Galliae
443 701 564 784 urbeni,
588 729 665 791 quae
686 709 837 790 praesidio
860 717 892 770 et
910 719 1089 781 ornamento

67 796 109 858 sit
132 795 262 870 civitati,
287 798 350 858 suis
372 797 512 859 manibus
535 797 713 858 succendere
734 805 923 876 cogerentur:
946 796 1034 859 facile
1056 815 1119 859 aes

67 882 126 944 loci
159 891 271 945 natura
303 884 478 945 defensuros
511 884 629 956 dicunt,
664 883 745 963 quod
770 901 864 962 prope
891 901 929 942 ex
951 881 1089 945 omnibus

67 968 207 1048 partibus
240 969 361 1032 flumine
393 978 425 1031 et
455 969 566 1050 palude
599 968 783 1030 circumdata
810 987 902 1030 uuum
923 968 1037 1031 habeat
1058 977 1091 1031 et

66 1065 285 1135 perangustum
307 1057 432 1119 aditum.
475 1057 577 1118 Datur
597 1055 769 1135 petentibus
788 1054 880 1116 venia
894 1055 1090 1118 dissuadente

66 1141 164 1221 primo
191 1142 456 1223 Vercingetorige,
489 1152 561 1223 post
588 1143 769 1204 concedente
791 1150 822 1203 et
842 1141 981 1222 precibus
1002 1141 1090 1222 ipso·

66 1247 134 1289 rum
156 1236 188 1290 et
208 1229 414 1291 misericordie
433 1229 546 1318 vulgi,
568 1229 753 1291 Defensores
777 1228 888 1308 oppido
909 1227 1011 1290 idonei
1032 1229 1089 1290 de·
1103 1250 1134 1291 ro

69 1314 214 1395 liguntur.

132 1398 363 1481 Vercingetorix
384 1399 549 1461 minoribus
572 1399 734 1462 Caesarem
755 1398 913 1460 itineribus
929 1397 1133 1479 subsequi-16

66 1494 118 1547 tur
145 1494 178 1547 et
204 1486 302 1548 locum
329 1486 437 1548 castris
465 1485 569 1566 deligit
593 1486 753 1566 paludibus
776 1484 921 1565 silvisque
942 1485 1091 1547 munitum

68 1572 108 1634 ab
141 1570 277 1634 Avarico
309 1572 398 1652 longe
430 1572 515 1633 milia
545 1584 691 1651 passuum
718 1587 793 1632 xvr.
836 1571 884 1633 Ibi
911 1590 965 1652 per
992 1580 1091 1633 certos

68 1657 276 1738 exploratores
297 1657 472 1737 insingula
494 1657 553 1719 diei
574 1666 727 1737 tempora,
760 1676 837 1738 quae
865 1658 904 1719 ad
926 1655 1090 1719 Avaricum
1104 1680 1134 1721 rs

68 1751 242 1825 agerentur,
270 1744 470 1822 cognoscebat
496 1751 543 1815 et,
577 1742 648 1823 quid
680 1742 746 1804 fieri
771 1742 878 1817 vellet,
911 1743 1090 1823 imperabat.

69 1829 185 1891 Omnes
208 1837 328 1890 nostras
350 1828 563 1908 pabulationes
584 1828 891 1908 frumentationesque
906 1829 1092 1892 observabat

69 1916 298 1995 dispersosque,
322 1934 388 1976 oum
410 1914 529 1995 longius
552 1914 723 1986 necessario
737 1916 947 1994 procederent,
970 1915 1090 1978 adorie-

69 2004 163 2064 batur
183 2019 352 2082 magnoque
373 2001 560 2063 incommodo
583 2001 758 2076 adficiebat,
781 2000 855 2074 etsi,
877 2009 1023 2081 qnantum
1037 2021 1092 2065 ra·

69 2088 153 2150 tione
174 2087 327 2169 provideri
347 2092 485 2168 poterat,
508 2088 547 2150 ab
570 2088 681 2149 nostris
704 2087 920 2163 occurrebatur,
944 2088 1136 2152 utinum-ao

70 2174 112 2236 tis
134 2175 320 2255 temporibus
342 2173 530 2254 diversisque
550 2173 708 2236 itineribus
728 2175 831 2236 iretur.
1076 2174 1079 2178 ’

136 2260 253 2323 Castris
286 2263 327 2323 ad
360 2280 435 2326 eam,
454 2269 573 2340 partem
600 2261 704 2341 oppidi
724 2260 833 2342 positis
855 2259 980 2335 Caesar,
1013 2276 1093 2341 quse
1101 2262 1135 2318 1⁷

71 2345 245 2409 intermissa
277 2367 297 2410 a
328 2346 451 2410 flumine
484 2355 516 2409 et
542 2366 562 2408 a
587 2347 747 2428 paludibus
774 2347 904 2419 aditum,
936 2355 972 2409 ut
998 2361 1093 2427 supra

71 2432 216 2509 diximus,
250 2441 412 2515 angustum
439 2433 589 2506 habebat,
624 2452 761 2514 aggerem
788 2451 952 2514 apparare,
984 2432 1092 2495 vineas

71 2537 177 2598 agero,
199 2528 299 2583 turres
321 2523 398 2583 duae
420 2520 602 2582 constituere
624 2521 737 2601 coepit:
771 2538 843 2582 narn
865 2519 1093 2582 circumvallare
1105 2542 1135 2583 aa

70 2604 130 2667 looi
161 2614 272 2668 natura
298 2607 489 2686 prohibebat
537 2607 586 2668 De
613 2625 646 2667 re
672 2605 868 2669 frumentaria
888 2605 980 2668 Boios
1002 2614 1094 2687 atque

70 2689 197 2754 Aeduos
219 2691 375 2754 adhortari
396 2710 458 2753 non
480 2691 611 2766 destitit;
634 2711 761 2772 quorum
783 2692 885 2766 alteri,
908 2691 989 2778 qqod
1010 2691 1093 2754 nullo

73 2777 173 2839 studio
195 2778 342 2856 agebant,
365 2796 426 2839 non
447 2777 574 2839 multum
596 2778 797 2852 adiuvabant,
821 2777 909 2839 alteri
930 2797 990 2839 non
1005 2796 1093 2858 mag-

72 2863 122 2924 nis
143 2862 356 2936 facultatibus,
384 2864 464 2942 quod
486 2863 593 2924 civitas
617 2873 683 2926 erat
704 2864 812 2944 exigua
833 2871 865 2924 et
886 2861 1020 2937 infirma,
1043 2882 1093 2925 ce-

72 2948 185 3021 leriter,
218 2949 298 3028 quod
325 2948 520 3022 habuerunt,
545 2959 805 3030 consumpserunt
856 2946 984 3010 Summa
1011 2948 1092 3010 dilfi·
1107 2972 1138 3012 eo

73 3033 186 3096 cultate
206 3034 250 3095 rei
269 3033 485 3096 frumentariae
499 3035 617 3104 adfecto
632 3035 763 3097 exercitu
777 3034 925 3097 tenuitate
939 3033 1094 3106 Boiorum,

72 3120 262 3202 indiligentia
293 3120 485 3194 Aeduorum,
517 3119 661 3182 incendiis
688 3121 904 3195 aedificiorum,
937 3139 1032 3200 usque
1059 3138 1094 3181 eo

72 3217 110 3270 ut
131 3206 299 3287 complures
321 3206 386 3269 dies
408 3207 558 3268 fmmeuto
581 3205 693 3268 milites
714 3206 866 3268 caruerint
887 3214 919 3267 ot
939 3224 1043 3286 pecore
1057 3222 1095 3266 ex

72 3293 331 3375 longinquioribus
364 3292 438 3354 vicis
471 3293 579 3354 adacto
606 3300 774 3354 extremam
799 3295 910 3353 famem
937 3298 1095 3354 sustenta-

74 3388 159 3452 reut,
192 3379 277 3442 nulla
302 3389 406 3442 tamen
425 3397 493 3440 nox
520 3387 567 3440 est
594 3379 633 3440 ab
654 3378 692 3440 iis
715 3378 820 3440 audita
840 3377 944 3459 populi
964 3375 1137 3441 &manias

75 3466 236 3528 maiestate
269 3474 301 3528 et
327 3464 531 3546 superioribus
560 3464 695 3527 victoriis
723 3464 872 3546 indigna‘
900 3460 981 3533 Quin
1003 3462 1095 3525 etiam

76 3552 192 3614 Caesar
224 3572 291 3614 cum
318 3552 350 3613 in
378 3570 466 3633 opere
489 3551 623 3632 singulas
645 3551 777 3632 legiones
799 3550 967 3632 appellaret
989 3557 1035 3623 et,
1057 3548 1096 3621 ‚ai

76 3639 213 3700 acerbius
245 3638 379 3719 inopiam
405 3639 535 3714 ferrent,
569 3658 602 3701 se
630 3637 821 3700 dimissurum
844 3636 1095 3718 oppugnationem

77 3724 205 3797 diceret,
233 3725 369 3787 universi
396 3725 435 3786 ab
463 3743 514 3798 eo,
542 3744 580 3787 ne
602 3724 634 3786 id
655 3725 782 3798 faceret,
805 3725 963 3805 petebant:
998 3722 1043 3784 sic
1062 3740 1096 3784 se

77 3810 243 3891 complures
265 3830 362 3873 anuos
384 3810 436 3872 illo
458 3809 625 3891 imperante
648 3809 808 3884 meruisse,
832 3819 867 3872 ut
880 3808 994 3871 nullam
1008 3808 1096 3890 igno-
1109 3833 1139 3872 so

75 3895 201 3959 minium
224 3897 408 3978 acciperent,
437 3915 586 3976 nusquam
607 3897 729 3978 incepta
750 3917 784 3959 re
805 3896 1006 3961 discederent:
1040 3895 1097 3980 boc

76 4001 111 4045 ee
141 3982 324 4063 ignominiae
354 3983 471 4045 laturos
498 3983 579 4056 loco,
613 3983 640 4045 si
666 3983 816 4063 inceptam
844 3981 1096 4065 oppugnationem
