2616 4492
267 283 302 328 lV

267 428 338 480 hanc
360 425 531 494 appellamus
559 457 592 465 „-
619 423 646 476 in
669 442 750 493 quam
773 424 940 494 conquisitis,
969 429 999 477 ut
1028 424 1086 493 ipse
1113 424 1165 487 ait,
1200 421 1293 478 multis

268 518 327 565 tota
360 511 451 565 Gallia
478 510 681 578 exemplaribus
710 511 820 564 deflexit
847 513 960 564 Ioannes
988 511 1139 573 IucunduS,
1173 529 1222 563 nec
1250 531 1292 566 ne.

268 599 339 652 Nam
360 599 400 650 ita
422 598 449 649 in
471 598 523 649 hac
544 613 573 648 re
596 597 696 649 versari
719 604 850 665 oportere,
874 603 905 649 ut
927 599 961 649 ad
984 603 1091 666 tempus
1115 597 1222 649 delectu
1244 600 1292 651 ad-

267 685 354 736 hibito
382 686 461 736 modo
491 683 518 734 hi
546 685 625 734 modo
648 683 688 735 illi
711 684 814 735 codices
837 684 1033 752 praeferantur,
1062 701 1096 735 ne
1124 682 1143 734 ii
1166 684 1288 751 quidem,

267 771 365 838 quibus
388 787 421 822 ea
444 768 673 837 opportunissima
695 769 747 821 fuit
768 769 868 839 agendi
891 769 974 829 ratio,
997 769 1076 821 facile
1092 770 1286 822 contenderint.

267 856 453 909 Reiiciendam
481 856 551 906 hauc
579 872 637 906 esse
658 856 792 906 rationem
814 872 863 907 nec
885 857 1065 906 numerandos
1088 855 1209 916 codices,
1243 858 1290 907 sed

268 947 341 994 certo
371 941 469 993 indicio
499 941 687 1008 ponderandas
715 958 834 994 summus
858 941 905 992 ille
926 940 1040 1010 Madvig
1062 940 1162 1008 aliique
1183 947 1292 993 nostrae

267 1026 365 1080 aetatis
388 1026 471 1078 critici
495 1026 713 1078 excellentissimi
735 1026 855 1098 graviter
878 1031 1054 1087 monuerunt,
1077 1030 1160 1094 atque
1180 1026 1220 1079 ita
1234 1027 1292 1079 fieri

268 1118 392 1181 oportere
415 1112 469 1165 iam
491 1111 557 1164 satis
579 1111 649 1176 inter
671 1129 761 1165 omnes
784 1112 914 1164 convenit.
958 1111 1043 1165 Aliud
1069 1117 1160 1163 autem
1184 1117 1225 1164 est
1246 1131 1292 1166 ve-

267 1215 327 1250 rum
349 1215 509 1267 agnoscere,
533 1197 607 1249 aliud
631 1197 746 1267 singulis
769 1197 797 1249 in
817 1199 900 1250 rebus
922 1199 1058 1265 perficere.
1095 1198 1216 1250 Primum
1240 1198 1292 1268 igi·

265 1290 311 1336 tur
333 1301 401 1352 opus
424 1289 466 1336 est
487 1287 519 1334 ut
540 1300 593 1351 quo
617 1283 743 1336 differant
763 1284 834 1335 inter
851 1301 881 1336 se
898 1283 1020 1335 codicum
1037 1285 1136 1336 classes
1152 1283 1291 1336 classium·

266 1387 319 1438 que
347 1369 453 1423 ordines
477 1370 560 1437 plane
582 1386 741 1439 cognoscas,
770 1369 868 1421 deinde
891 1386 926 1421 ex
949 1371 1056 1422 duabus
1079 1371 1113 1421 de
1135 1370 1291 1438 principatu

266 1455 432 1508 certantibus
456 1460 519 1508 utra
539 1454 594 1506 utri
616 1460 738 1522 praestet
760 1455 890 1507 diiudices
912 1460 994 1524 atque
1017 1456 1099 1508 etiam
1121 1454 1166 1523 qui
1181 1456 1291 1522 potissi*

265 1559 337 1594 mum
362 1542 466 1594 codices
489 1543 603 1593 classem
626 1543 739 1603 ducant,
762 1546 835 1602 tum,
858 1540 881 1592 si
897 1558 944 1602 ea,
968 1558 1049 1609 quam
1064 1541 1291 1609 praestantiorem

263 1645 323 1680 esse
344 1629 458 1681 classem
480 1627 648 1696 argumentis
669 1626 770 1680 firmari
792 1632 897 1697 potest,
930 1644 984 1679 non
1012 1627 1135 1680 omnibus
1164 1628 1290 1695 partibus

264 1713 372 1784 integra
399 1713 447 1775 sit,
481 1718 613 1780 quantum
642 1713 721 1765 alteri
750 1715 830 1765 detur
852 1713 1000 1766 constituas
1022 1715 1066 1767 vel
1089 1730 1159 1782 quae
1182 1713 1291 1766 omnino

263 1800 327 1852 huic
347 1801 419 1852 malo
441 1798 613 1851 inveniantur
634 1800 755 1852 remedia
777 1799 922 1869 excogites.

328 1886 433 1938 Classes
456 1884 578 1936 codicum
601 1884 824 1937 Caesarianorum
846 1902 924 1937 nemo
945 1888 1010 1936 ante
1031 1884 1157 1936 Carolum
1171 1882 1289 1952 Nipper-

264 1970 369 2031 deium‚
409 1971 592 2023 Professorem
624 1971 765 2023 Ienensem
799 1969 1054 2029 celebratissimum,
1088 1974 1214 2021 accurate
1248 1969 1289 2021 di·

263 2055 365 2107 stinxit.
410 2056 436 2108 Is
459 2071 518 2106 cum
542 2054 661 2106 codicem
682 2054 834 2107 Parisinum
849 2055 979 2122 primum,
1002 2071 1083 2122 quern
1098 2055 1288 2108 conferendum

263 2145 419 2202 curaverat,
448 2140 566 2192 melioris
589 2146 670 2192 notae
693 2158 752 2193 esse
774 2140 967 2202 intellexisset,
995 2139 1135 2208 permultis
1165 2140 1229 2193 locis
1253 2159 1287 2194 ex

263 2244 294 2278 eo
328 2226 489 2295 scripturam
522 2242 615 2278 veram
644 2231 672 2277 et
699 2243 857 2296 germanam
883 2224 1015 2286 restituit,
1049 2227 1195 2278 secundam
1223 2243 1287 2279 vero

262 2314 376 2365 classem
405 2317 559 2364 constanter
587 2311 712 2364 seiunxit.
763 2315 825 2376 Qua
853 2311 963 2380 quidem
985 2311 1014 2364 in
1037 2311 1221 2381 distinguendi
1243 2329 1287 2366 ra·

262 2398 337 2450 tione
363 2398 493 2451 minorem
522 2414 613 2451 curam
641 2397 800 2450 adhibuisse
827 2403 969 2450 censeatur
996 2398 1123 2467 egregius
1152 2398 1199 2450 ille
1220 2397 1286 2450 Pro·

262 2485 347 2537 sessor
378 2484 599 2537 Vratislaviensis
634 2485 693 2537 Car.
714 2485 778 2538 Ern.
802 2484 897 2537 Christ.
920 2483 1079 2544 Schneider,
1113 2483 1159 2550 qui
1186 2483 1286 2554 viginti

261 2569 379 2638 amplius
401 2587 486 2623 annos
509 2570 536 2622 in
558 2570 642 2638 ipsius
666 2570 783 2622 auctoris
805 2570 895 2622 verbis
917 2568 1092 2622 inlustrandis
1109 2585 1208 2638 operae
1223 2571 1285 2637 plu·

261 2656 358 2708 rimum
386 2655 525 2724 studiique
552 2656 719 2724 consumpsit
746 2661 829 2724 atque
850 2658 886 2709 ad
909 2657 1007 2708 multas
1036 2672 1078 2707 res
1106 2656 1285 2724 explicandas

261 2742 359 2795 mirum
387 2747 520 2810 quantum
548 2742 702 2794 contribuit.
747 2743 904 2810 Complures
932 2741 980 2794 ille
1013 2741 1117 2794 codices
1145 2740 1285 2795 Vindobo-

260 2845 371 2889 nenses,
404 2827 647 2890 Vratislarienses,
674 2829 856 2890 Dresdenses,
885 2828 1038 2889 Gothanos,
1067 2827 1136 2880 alios
1162 2833 1285 2881 recentes

260 2915 305 2971 ,vel
337 2913 534 2966 recentissimos
568 2919 617 2967 aut
645 2913 703 2981 ipse
731 2913 847 2966 contulit
873 2918 922 2967 aut
948 2914 1016 2967 alios
1045 2914 1166 2966 conferre
1188 2912 1283 2977 iussit,

259 2998 340 3051 unius
362 2998 482 3067 antiqui,
503 2999 682 3070 Bongarsiani
697 2999 777 3068 primi
793 2997 1088 3066 (Amstelodamensis)‚
1111 2998 1285 3052 collationem

258 3089 346 3139 totam
369 3085 420 3137 sibi
443 3085 617 3155 comparavit
660 3090 699 3140 At
721 3088 783 3155 plus
805 3086 877 3138 iusto
899 3087 954 3139 suis
970 3086 1093 3140 tribuens
1108 3084 1185 3137 libris
1201 3100 1285 3137 mauu

258 3170 364 3240 scriptis
393 3188 588 3240 saepenumero
616 3169 793 3225 inconsultius
816 3189 833 3225 a
854 3173 943 3242 prima
964 3173 1050 3224 classe
1072 3170 1214 3222 recessisse
1235 3188 1284 3222 no-

258 3256 299 3310 bis
327 3257 436 3310 ridetur
453 3250 479 3323 ¹).
527 3259 623 3326 Neque
650 3275 714 3310 vero
742 3258 771 3310 in
792 3257 866 3310 illius
887 3275 966 3310 usum
987 3254 1191 3326 Bongarsianus
1213 3255 1285 3309 liber

255 3368 454 3380 m

330 3417 349 3482 ¹)
368 3417 441 3477 Quod
459 3434 492 3468 ne
510 3421 604 3468 iniuste
628 3420 723 3469 dictum
741 3419 865 3475 videatur,
893 3423 954 3466 sunt
977 3417 1075 3480 aliquot
1093 3430 1150 3465 cum
1168 3420 1284 3482 exemplo

259 3482 455 3536 Schneideriano
479 3488 528 3537 loci
551 3487 702 3538 conferendi.
741 3487 799 3543 114,
817 3484 851 3533 35
874 3485 1056 3533 aestimare.
1081 3483 1220 3535 aestimare
1239 3486 1282 3538 dc-

259 3551 324 3601 bcre.
361 3554 455 3612 115,4
477 3557 650 3619 pracsidio.
681 3562 705 3605 ot
724 3550 871 3618 praesidio.
915 3551 973 3610 117,
991 3552 1026 3601 34
1048 3562 1292 3619 consumptum:

254 3635 341 3684 paene
358 3630 539 3685 coarmnptvaa.
576 3623 634 3681 117,
653 3622 687 3673 35
705 3624 788 3688 fuga.
807 3622 856 3670 tao
867 3619 946 3685 faya.
975 3620 1031 3680 119,
1049 3621 1067 3670 8
1085 3631 1281 3673 curreretur.

258 3693 442 3737 commeretur.
464 3691 520 3750 119,
530 3690 565 3742 23
578 3706 639 3756 per.
658 3690 767 3756 qviper.
791 3686 1057 3753 119,3001part0.
1074 3696 1158 3752 parte.
1179 3692 1236 3750 121,
1246 3692 1281 3742 25

257 3754 423 3819 potienda
440 3759 568 3820 pudendo
587 3764 610 3809 ot
622 3758 792 3824 perforando.
830 3757 888 3816 121,
906 3758 941 3808 28
958 3773 1019 3808 eas.
1039 3758 1279 3826 caramprt'acipoo.

259 3821 317 3880 123,
335 3821 368 3871 35
392 3825 517 3887 positis.
540 3827 569 3876 ia
591 3826 792 3892 meatepositio·
829 3826 923 3885 125‚4
945 3827 1071 3878 multos.
1091 3843 1183 3879 onmes.
1222 3829 1280 3888 125,

257 3890 289 3940 lt
308 3905 462 3957 magnum.
498 3893 621 3944 Continuo
638 3910 767 3961 mapsam.
798 3891 857 3953 127,
875 3894 909 3944 35
926 3902 1129 3960 vagarentur.
1144 3911 1279 3962 pervapa-

254 3964 355 4009 Μίαν.
393 3959 452 4020 128,
470 3965 488 4012 4
505 3955 727 4014 munitionum.
746 3962 974 4015 adamiticam.
1012 3963 1070 4023 128,
1089 3963 1121 4014 31
1141 3965 1278 4030 legioni·
