2616 4492
218 285 281 355 148
544 292 593 349 bn
614 301 733 350 annno
757 298 914 351 eunuco

216 460 272 522 pro
306 441 477 505 testimonio
510 462 613 504 sumus
647 441 763 505 dieturt
818 440 881 505 Sed
909 460 962 523 ego
995 440 1135 503 nimirum
1169 443 1241 503 dum

218 547 321 590 omnes
344 529 544 590 excusationis
568 547 675 590 causas
697 528 818 609 colligo,
851 548 889 590 ne
916 547 983 590 cum
1011 527 1144 591 Caesare
1165 547 1241 590 con⁴

217 615 306 691 ferar,
336 615 393 677 hoc
416 615 482 696 ipso
509 615 620 676 crimen
646 615 838 695 arrogantiae
866 615 974 688 subeo,
1008 616 1088 694 quod
1115 634 1163 676 mc
1191 615 1242 676 ἱιιό

220 699 296 763 dicio
319 702 493 781 cuiusquam
516 701 683 763 existimem
704 720 796 782 posse
818 721 885 763 cum
907 700 1039 763 Caesare
1061 701 1241 782 compararit

189 786 306 849 eVale.

192 875 205 924 1
284 872 375 934 Omni
403 873 506 936 Gallia
533 873 653 935 devicta
679 873 794 935 Caesar
816 891 881 933 cum
904 892 923 933 a
945 871 1099 952 superiore
1121 881 1242 934 aestate

218 958 333 1020 nullum
360 959 495 1021 bellandi
520 967 639 1040 tempus
666 959 879 1021 intermisisset
901 958 1071 1039 militesque
1092 958 1241 1021 hiberno-

218 1064 284 1108 rum
318 1045 416 1126 quiete
442 1047 563 1107 relicere
591 1066 610 1108 a
637 1047 731 1108 tantis
754 1038 909 1107 laboribus
930 1045 1036 1117 vellet,
1070 1044 1241 1125 complures

218 1132 321 1193 eodem
355 1140 489 1212 tempore
522 1133 660 1194 civitates
693 1151 837 1193 renovare
862 1131 934 1192 belli
962 1131 1087 1192 consilia
1113 1132 1241 1194 nuntia*

176 1218 329 1279 rebantur
350 1219 627 1299 coniurationesque
648 1220 755 1280 iacere.
793 1218 884 1279 Cuius
900 1217 944 1278 rei
958 1217 1130 1279 verisimilis
1146 1237 1242 1280 causa

219 1305 419 1378 adferebatur,
454 1306 534 1385 quod
562 1304 659 1366 Gallis
688 1304 825 1385 omnibus
853 1303 1003 1384 cognitum
1032 1313 1114 1365 esset
1141 1323 1241 1384 neque

218 1390 282 1452 ulla
307 1391 497 1453 multitudine
518 1392 550 1452 in
572 1411 664 1453 unum
686 1391 784 1452 locum
808 1398 912 1452 coacta
934 1389 1036 1451 resisti
1056 1409 1148 1470 posse
1170 1390 1240 1453 rto-

218 1476 331 1552 manis,
365 1497 437 1552 nec,
472 1478 499 1538 si
526 1478 648 1539 diversa
674 1476 755 1538 bella
781 1476 947 1556 complures
976 1477 1079 1538 eodem
1102 1485 1240 1556 tempore

217 1563 389 1625 intulissent
411 1564 565 1637 civitates,
594 1564 670 1625 satis
693 1563 798 1625 auxilii
819 1571 873 1624 aut
894 1562 986 1642 spatii
1008 1571 1062 1623 aut
1083 1562 1240 1643 copiarum

175 1668 202 1707 rr
216 1648 387 1712 habiturum
404 1651 565 1735 exercitum
579 1649 682 1731 populi
696 1646 828 1712 Romani
843 1650 883 1711 ad
899 1649 1000 1710 omnia
1010 1650 1238 1729 persequenda;

217 1755 277 1797 non
295 1756 362 1798 esse
385 1745 485 1798 autem
508 1732 597 1799 alicui
619 1736 736 1798 civitati
758 1744 868 1798 sortem
890 1734 1069 1796 incommodi
1091 1755 1240 1797 recusan-

217 1822 303 1897 dam,
337 1823 364 1884 si
390 1823 447 1884 tali
473 1842 559 1885 mora
588 1823 719 1904 reliquae
746 1829 872 1903 possent
899 1841 931 1882 se
958 1821 1111 1883 vindicare
1137 1821 1170 1882 in
1197 1821 1239 1883 li-

186 1908 375 1970 2bertatem.
425 1906 571 1978 Quaene
593 1909 693 1990 opinio
716 1907 882 1971 Gallorum,
896 1908 1132 1983 confirmaretur,
1156 1907 1238 1970 Cae*

217 2013 269 2055 sar
296 1995 434 2056 Marcum
461 1994 630 2057 Antonium
658 2003 848 2076 quaestorem
876 1994 938 2055 suis
965 1994 1112 2074 praefecit
1131 1994 1237 2056 hiber:-

173 2099 203 2138 ro
216 2080 279 2153 nis;
307 2081 373 2160 ipse
401 2081 533 2160 equitum
560 2081 711 2161 praesidio
733 2081 830 2160 pridie
851 2080 913 2142 kal.
935 2080 1095 2142 Ianuarias
1116 2081 1156 2141 ab
1179 2100 1237 2161 op·

216 2165 287 2246 pido
314 2167 455 2228 Bibracte
481 2167 679 2247 proficiscitur
706 2168 746 2228 ad
772 2166 919 2248 legionem
941 2182 1024 2239 xm,
1059 2186 1148 2247 quam
1175 2183 1237 2229 non

216 2251 304 2333 longe
331 2272 350 2314 a
376 2253 486 2314 linibus
508 2252 683 2315 Aeduorum
707 2252 916 2314 conlocaverat
936 2253 968 2314 in
990 2252 1098 2314 linibus
1119 2253 1237 2315 Bituric-

217 2357 301 2418 gum,
336 2339 420 2419 eique
448 2339 584 2420 adiungit
605 2338 753 2420 legionem
775 2353 830 2412 ΧΙ,
865 2358 942 2419 quae
968 2339 1108 2419 proxima
1127 2339 1235 2402 inerat

216 2424 302 2485 Binis
324 2425 497 2486 cohortibus
519 2427 559 2487 ad
581 2424 796 2504 impedimenta
820 2426 934 2486 tuenda
955 2424 1067 2486 relictis
1089 2425 1236 2506 reliquum

172 2512 378 2572 mexercitum
405 2511 436 2572 in
464 2511 686 2592 copiosissimos
709 2531 798 2592 agros
819 2510 988 2591 Biturigum
1010 2511 1139 2586 inducit,
1169 2512 1235 2592 qui,

215 2616 283 2658 curn
310 2596 389 2658 latos
416 2598 491 2659 fines
514 2607 545 2659 et
566 2597 720 2679 complura
747 2597 858 2678 oppida
878 2597 1040 2671 haberent,
1073 2597 1163 2659 uubis
1189 2597 1236 2660 le⁴

217 2682 312 2764 gioms
339 2682 471 2746 hibernis
494 2703 553 2746 non
574 2685 726 2765 potuerint
747 2683 892 2745 contineri
914 2684 986 2763 quin
1006 2683 1118 2745 bellum
1140 2700 1235 2764 para·

183 2769 283 2830 3rent
309 2769 588 2852 coniurationesque
614 2772 756 2833 lacerent.
804 2770 974 2850 Repentino
998 2771 1131 2832 adventu
1153 2769 1234 2832 Cae*

216 2855 292 2916 saris
316 2856 438 2930 accidit,
462 2859 542 2938 quod
563 2857 720 2938 imparatis
743 2856 933 2936 disiectisque
956 2856 1091 2918 accidere
1105 2856 1163 2918 luit
1177 2876 1234 2919 ned

172 2962 201 3001 eo
215 2961 315 3017 cesse,
349 2953 383 3004 ut
409 2944 474 3004 sine
502 2943 609 3006 timore
636 2944 696 3005 ullo
723 2962 793 3005 rura
820 2942 951 3004 colentes
979 2943 1063 3022 prius
1085 2943 1125 3004 ab
1148 2943 1234 3024 eqni*

215 3035 282 3089 tatu
315 3029 554 3109 opprimerentur
587 3049 676 3112 quam
709 3031 866 3109 confugere
897 3029 929 3091 in
962 3029 1074 3109 oppida
1100 3037 1236 3109 possent

214 3113 353 3196 Namque
381 3115 472 3177 etiam
499 3117 574 3178 illud
600 3116 724 3197 vulgare
746 3116 923 3178 incursionis
945 3115 1078 3177 hostium
1101 3114 1234 3196 signnm,

213 3202 295 3282 quod
326 3201 471 3263 incendiis
499 3203 700 3265 aedificiorum
726 3202 860 3283 intellegi
887 3202 1058 3276 consuevit,
1093 3201 1235 3264 Caesaris

213 3296 280 3349 erat
300 3287 459 3351 interdicto
483 3288 648 3362 sublatum,
672 3309 710 3350 ne
732 3297 786 3350 aut
800 3289 886 3368 copia
900 3287 1003 3368 pabuli
1016 3288 1236 3369 frumentique,

169 3394 200 3435 aa
214 3373 242 3435 si
263 3373 380 3455 longius
403 3376 540 3455 progredi
561 3375 667 3448 vellet,
690 3376 865 3437 deficeretur
887 3383 945 3448 aut¹
962 3375 1066 3436 hostes
1088 3374 1235 3437 incendiis

213 3467 406 3522 terrerentur.
450 3460 558 3523 Multis
580 3461 734 3522 hominum
757 3461 878 3522 milibus
902 3461 998 3541 captis
1012 3461 1164 3541 perterriti
1177 3461 1234 3523 Bi-

212 3546 341 3627 turiges,
370 3547 422 3627 qui
447 3548 574 3627 prImum
596 3549 761 3609 adventum
783 3554 946 3627 potuerant
967 3547 1095 3628 effugere
1116 3547 1234 3610 Roma·

213 3651 333 3708 norum,
356 3633 388 3694 in
411 3634 554 3695 finitimas
578 3633 716 3695 civitates
739 3642 793 3695 aut
814 3633 942 3713 privatis
964 3633 1104 3713 hospitiis
1127 3634 1234 3695 conlisi

213 3727 267 3779 ant
289 3719 432 3781 societate
454 3720 645 3782 consiliorum
660 3721 864 3800 confugerunt.
897 3720 1040 3782 Frustra:
1064 3738 1135 3782 nam
1151 3719 1233 3782 Gae-

169 3824 199 3863 ιο
213 3823 264 3863 sar
285 3807 403 3886 magnis
425 3807 584 3869 itineribus
607 3807 743 3868 omnibus
765 3806 838 3868 locis
861 3807 1002 3879 occurrit,
1025 3826 1081 3868 nec
1104 3808 1158 3868 dat
1178 3805 1233 3868 ulli

213 3888 329 3952 civitati
357 3893 488 3971 spatium
512 3894 548 3954 de
571 3892 671 3954 aliena
692 3893 793 3972 potius
816 3912 904 3974 quam
929 3895 965 3954 de
988 3893 1156 3955 domestica
1177 3912 1232 3954 sa-

212 3973 275 4039 luta
302 3977 468 4058 cogitandi;
502 3998 562 4059 qua
590 3978 742 4041 celeritate
769 3987 800 4041 et
820 3979 925 4042 fideles
948 3979 1061 4042 amicos
1082 3980 1235 4042 retinebat
