2616 4492
214 275 276 336 122
538 282 589 337 nn
609 289 728 337 nunno
751 290 907 338 caturco

210 429 335 490 ercitum
359 447 397 490 ex
417 429 523 490 labore
543 438 635 510 atque
657 430 761 511 inopia
780 429 892 492 reiecit.
935 429 1002 490 Iam
1023 448 1118 510 prope
1137 429 1243 492 bieme

209 517 348 577 conlecta
368 534 436 576 cum
456 515 524 595 ipso
547 517 618 577 anni
639 526 775 596 tempore
798 518 838 577 ad
860 517 1023 596 gerendum
1043 515 1160 577 bellum
1179 536 1242 578 vo-

210 611 332 664 caretur
353 610 385 663 et
406 603 446 663 ad
467 602 586 663 bostem
608 602 755 682 proficisci
777 602 1003 677 constituisset,
1026 601 1093 683 sive
1115 621 1185 664 eum
1201 622 1243 665 ex

210 688 372 767 paludibus
398 688 541 768 silvisque
563 687 671 749 elicere
693 688 759 749 sive
780 689 936 750 obsidione
955 708 1094 768 premere
1115 699 1241 768 posset,

180 774 302 855 elegati
334 776 374 837 ad
406 794 472 835 eum
504 774 653 854 principes
680 775 855 836 Aeduorum
881 775 1009 836 veniunt
1030 784 1168 850 oratum,
1203 785 1242 838 ut

210 861 341 922 maxime
362 861 531 922 necessario
553 870 689 941 tempore
703 861 821 922 civitati
836 861 1012 922 subveniat:
1038 878 1156 923 summo
1168 881 1243 924 esse

209 947 242 1007 iu
263 946 394 1026 periculo
415 966 495 1020 rem,
518 949 612 1027 quod,
635 966 702 1008 cum
725 947 835 1027 singuli
855 947 1052 1027 magistratus
1066 947 1242 1028 antiquitus

210 1033 306 1094 creari
333 1042 424 1112 atque
450 1033 564 1112 regiam
592 1043 776 1114 potestatem
798 1052 910 1094 annum
932 1034 1067 1095 obtinere
1088 1054 1242 1096 consues-

210 1127 294 1191 sent,
328 1119 386 1180 duo
413 1120 623 1199 magistratum
645 1131 753 1200 gerant
775 1129 861 1180 etse
883 1130 1010 1200 uterque
1032 1139 1136 1182 eorum
1160 1119 1241 1202 legi-

171 1224 196 1262 ro
209 1206 266 1266 bus
299 1214 432 1267 creatum
461 1224 528 1266 esse
550 1206 639 1266 dicat
683 1207 801 1267 Horum
823 1225 891 1266 esse
913 1205 1040 1267 alterum
1068 1206 1242 1269 Convicto-

209 1290 348 1365 litavem,
371 1291 526 1352 florentem
541 1300 574 1353 et
587 1291 744 1353 inlustrem
760 1292 997 1367 adolescentem,
1021 1292 1151 1353 alterurn
1173 1293 1240 1355 Co-

208 1387 289 1451 tum,
324 1377 536 1459 antiquissima
566 1378 683 1439 familia
708 1386 814 1439 natum
841 1388 933 1458 atque
959 1378 1059 1458 ipsum
1082 1379 1239 1441 hominem

208 1483 343 1526 summae
363 1461 518 1544 potentiae
539 1474 571 1525 ct
592 1483 720 1545 magnae
736 1465 933 1544 cognationis,
956 1465 1041 1526 cuius
1055 1466 1153 1527 irater
1165 1465 1240 1528 Va-

208 1550 334 1612 letiacus
356 1551 494 1631 proximo
518 1570 598 1612 anuo
621 1552 749 1612 eundem
771 1551 981 1631 magistratum
1003 1551 1142 1631 gesserit
1179 1551 1237 1614 Ci-

169 1637 336 1698 raritatem
358 1657 427 1698 esse
449 1656 567 1699 omnem
589 1638 621 1698 in
644 1637 751 1712 armis,
776 1637 905 1698 divisum
928 1647 1078 1712 senatum,
1101 1638 1238 1701 divisum

207 1724 367 1804 populum,
397 1743 469 1785 suas
498 1724 640 1805 cuiusque
663 1743 765 1785 eorum
787 1723 952 1784 clientelas.
996 1721 1088 1792 Quod
1114 1724 1143 1785 si
1165 1725 1238 1787 diu-

206 1810 267 1871 tius
290 1810 389 1872 alatnr
412 1811 632 1884 controversia,
654 1812 719 1872 fore
741 1809 786 1870 uti
807 1828 880 1889 pars
902 1828 969 1870 cum
990 1818 1080 1889 parte
1100 1810 1236 1873 civitatis

207 1896 359 1976 confligat.
402 1897 439 1957 Id
465 1916 504 1957 ne
531 1897 663 1971 accidat,
696 1897 829 1977 positum
857 1895 888 1956 in
916 1895 981 1957 eius
1003 1896 1163 1977 diligentia
1184 1907 1236 1960 at-

208 2001 266 2062 que
288 1983 477 2044 auctoritate.

163 2071 200 2123 33
272 2067 397 2142 Caesar,
421 2069 479 2130 etsi
501 2089 521 2130 a
541 2069 620 2130 bello
643 2077 734 2148 atque
756 2070 844 2130 hoste
864 2068 1017 2130 discedere
1032 2067 1234 2152 detrimento-

162 2174 274 2216 arsum
307 2175 375 2215 esse
403 2155 612 2228 existimabat,
645 2163 748 2216 tamen
775 2174 837 2217 non
858 2155 1017 2236 ignoraus,
1052 2164 1169 2235 quanta
1196 2175 1237 2217 ex

207 2241 447 2301 dissensionibus
472 2241 662 2302 incommoda
690 2241 761 2302 oriri
782 2249 995 2314 consuessent,
1029 2259 1068 2300 ne
1089 2250 1182 2302 tanta
1203 2251 1234 2303 et

206 2336 273 2388 tam
296 2327 455 2387 coniuncta
476 2326 587 2406 populo
609 2326 749 2388 Romano
771 2328 894 2401 civitas,
918 2345 1008 2407 quam
1030 2326 1097 2406 ipse
1111 2346 1234 2407 semper

207 2413 335 2474 aluisset
362 2413 558 2493 omnibusque
585 2414 675 2474 rebus
698 2424 853 2486 ornasset,
882 2415 922 2476 ad
947 2413 1009 2473 viru
1031 2423 1123 2493 atque
1144 2434 1233 2477 arma

160 2523 191 2562 as
206 2500 416 2572 descenderet,
440 2508 530 2579 atque
552 2518 590 2560 ea
609 2518 696 2577 pars,
720 2520 797 2580 quae
819 2500 918 2562 minus
938 2500 1117 2574 confideret,
1142 2501 1233 2562 auxi·

205 2585 249 2647 lia
275 2606 295 2646 a
321 2585 564 2665 Vercingetorige
591 2595 773 2658 arcesseret,
807 2585 876 2646 huic
904 2587 947 2647 rei
975 2588 1232 2665 praevertendum

206 2671 392 2733 existimavit
414 2680 459 2745 et,
489 2672 569 2750 quod
589 2670 705 2751 legibus
727 2673 909 2733 Aeduorum.
924 2673 977 2744 iis,
1006 2673 1058 2752 qui
1080 2692 1231 2736 summum

205 2757 415 2838 magistratum
442 2757 628 2830 obtinerent,
663 2759 804 2819 excedere
831 2777 868 2818 ex
894 2759 1004 2820 linibus
1027 2777 1088 2820 non
1110 2759 1231 2835 liceret,

205 2864 243 2905 ne
266 2844 337 2924 quid
359 2846 395 2905 de
417 2843 482 2905 iure
504 2852 558 2905 aut
579 2844 617 2905 de
639 2844 754 2924 legibus
778 2863 880 2905 eorum
903 2844 1086 2907 deminuisse
1107 2846 1230 2909 videre-

162 2939 270 3005 sotur,
299 2931 417 3011 ipsein
440 2929 564 2993 Aeduos
586 2930 736 3010 proficisci
758 2930 868 2992 statuit
889 2941 1088 3011 senatumque
1109 2951 1230 2996 ornnem

204 3026 237 3078 et
258 3037 333 3098 quos
355 3017 434 3079 iuter
455 3017 661 3079 controversia
683 3027 764 3079 esset
786 3018 827 3078 ad
849 3037 882 3079 se
901 3016 1056 3080 Decetiam
1078 3021 1232 3082 evocavit.

203 3104 281 3165 Cum
295 3123 389 3184 prope
405 3104 501 3165 omnis
517 3103 625 3165 civitas
641 3123 676 3165 eo
691 3105 898 3178 convenisset,
921 3105 1135 3185 docereturque
1149 3124 1232 3186 pau-

204 3191 347 3252 ciselam
370 3189 542 3252 convocatis
565 3190 625 3251 alio
648 3189 729 3266 loco,
758 3191 819 3252 alio
841 3200 990 3271 tempore,
1020 3199 1112 3270 atque
1136 3211 1231 3272 opor-

202 3278 310 3350 tuerit,
338 3279 463 3339 iratrem
486 3296 524 3337 ex
544 3277 639 3338 fratre
661 3277 880 3351 renuntiatum,
910 3297 977 3338 cum
1003 3276 1085 3357 leges
1108 3279 1167 3340 duo
1191 3299 1231 3342 ex

161 3383 189 3421 aa
202 3383 263 3425 una
294 3363 410 3437 familia
425 3363 512 3433 ,vivo
545 3373 673 3444 utroque
701 3383 760 3424 non
788 3362 885 3423 solum
911 3363 1108 3442 magistratus
1131 3366 1231 3429 creari

202 3458 358 3523 vetarent,
393 3451 446 3512 sed
480 3450 571 3511 etiam
598 3450 630 3511 iu
653 3458 761 3511 senatu
784 3468 851 3509 esse
873 3450 1081 3528 prohiberent,
1116 3450 1230 3515 Cotum

201 3535 357 3616 imperium
380 3538 527 3617 deponere
548 3537 660 3616 coegit,
695 3534 981 3610 Convictolitavem,
1015 3536 1066 3617 qui
1093 3557 1150 3617 per
1171 3559 1228 3601 sa-

202 3624 336 3684 cerdotes
352 3642 435 3685 more
450 3623 585 3684 civitatis
598 3621 778 3683 intermissis
793 3621 1022 3701 magistratibus
1038 3632 1119 3684 esset
1135 3643 1226 3688 crea-

201 3718 267 3781 tus,
289 3711 472 3788 potestatem
495 3709 628 3771 obtinere
650 3708 747 3769 iussit

158 3798 195 3849 34
266 3796 334 3856 Hoc
355 3796 474 3857 decreto
496 3794 673 3874 interposito
695 3793 869 3854 cohortatus
891 3793 1031 3867 Aeduos,
1053 3804 1089 3857 ut
1103 3805 1229 3859 contro-

157 3905 183 3944 tt
201 3881 370 3942 versiarum
404 3902 440 3943 ac
473 3879 670 3944 dissensionis
699 3880 944 3942 obliviscerentur
971 3891 1062 3962 atque
1085 3883 1227 3948 omnibus

204 3967 325 4029 omissis
347 3968 394 4029 his
417 3969 506 4031 rebus
529 3968 600 4031 huic
621 3966 700 4029 bello
723 3967 872 4029 servirent
894 3986 1004 4047 eaque,
1027 3987 1106 4048 quae
1120 3988 1229 4033 meru-
