2616 4492
212 274 254 339 92
540 290 589 337 un
611 290 729 339 sunno
752 290 907 341 onnuroo

213 429 345 502 nissent,
380 427 498 490 initium
525 429 596 491 belli
623 449 659 491 ac
686 429 859 492 defectionis
881 430 939 491 hoc
961 448 1028 490 esse
1051 430 1233 503 arbitratus,

213 524 247 577 ut
269 515 370 577 omnia
392 523 575 594 postponere
597 517 761 589 videretur,
790 516 947 578 concilium
968 515 1122 578 Lutetiam
1144 516 1235 578 Pari-

214 601 327 663 siorum
349 602 504 662 transfert.
550 602 689 664 Confines
713 613 800 664 erant
820 603 853 664 hi
875 602 1044 664 Senonibus
1060 603 1234 665 civitatem-

214 708 271 768 que
298 697 420 768 patrum
449 689 592 750 memoria
619 689 850 764 coniunxerant,
885 690 939 749 sed
967 689 1007 749 ab
1028 689 1086 750 hoc
1107 689 1233 751 consilio

184 774 326 836 saluisse
350 773 609 836 existimabantur.
653 777 722 837 Hac
744 794 853 855 repro
876 775 1235 856 suggestu·pronnntiata

214 862 319 922 eodem
348 859 395 921 die
410 878 491 937 ‚cum
519 861 686 942 legionibus
714 862 746 923 in
768 861 903 923 Senones
926 860 1124 940 proficiscitur
1146 879 1233 942 mag-

181 947 320 1027 4nisque
347 944 505 1008 itineribus
529 967 563 1009 eo
586 948 730 1028 pervenit.
776 947 902 1027 Cognito
926 947 989 1008 eius
1012 948 1145 1008 adventu
1165 946 1235 1008 Ac-

214 1051 265 1106 co,
300 1032 352 1111 qui
384 1032 522 1111 princeps
555 1035 619 1095 eius
653 1033 769 1095 consilii
801 1036 917 1107 fuerat,
949 1033 1034 1095 iubet
1060 1033 1092 1094 in
1124 1033 1236 1112 oppida

215 1117 437 1179 multitudinem
466 1121 640 1182 convenire·
673 1120 882 1193 Conantibus,
910 1119 1083 1201 priusquam
1106 1120 1137 1181 id
1159 1119 1234 1181 effici

171 1223 199 1262 ro
213 1212 333 1284 posset,
362 1205 468 1266 adesse
495 1206 650 1288 Romanos
673 1207 836 1268 nuntiatur.
880 1206 1059 1268 Necessario
1082 1205 1235 1267 sententia

216 1291 368 1353 desistunt
395 1291 570 1374 legatosque
599 1293 778 1373 deprecandi
800 1312 894 1354 causa
915 1294 954 1353 ad
978 1292 1140 1355 Caesarem
1163 1291 1234 1353 mit-

214 1385 292 1438 tunt.
336 1377 462 1439 Adeunt
492 1398 548 1458 per
579 1379 721 1452 Aeduos,
756 1398 882 1459 quorum
916 1378 1082 1459 antiquitus
1110 1385 1177 1439 erat
1203 1377 1235 1439 in

214 1464 274 1525 fide
302 1463 417 1524 civitas.
467 1465 613 1527 Libenter
636 1465 750 1527 Caesar
771 1465 943 1544 petentibus
965 1464 1082 1526 Aeduis
1105 1465 1159 1526 dat
1179 1482 1234 1524 ve-

215 1550 297 1613 niam
319 1551 602 1632 excusationemque
625 1551 749 1632 accipit,
772 1553 852 1631 quod
875 1551 1023 1613 aestivum
1046 1558 1164 1629 tempus
1186 1550 1236 1610 in-

171 1637 325 1698 restantis
348 1636 434 1711 belli,
464 1657 523 1698 non
552 1637 737 1718 quaestionis
760 1656 827 1698 esse
849 1637 1064 1699 arbitrabatur.
1110 1634 1236 1698 Obsidi-

213 1723 270 1784 bus
303 1723 458 1802 imperatis
494 1734 612 1804 centum
649 1725 705 1785 hos
739 1723 856 1785 Aeduis
888 1723 1099 1786 custodiendos
1131 1722 1236 1785 tradit.

213 1809 329 1871 Eodem
363 1808 513 1872 Carnutes
540 1810 661 1892 'legatos
695 1810 876 1890 obsidesque
903 1809 1028 1871 mittunt
1055 1809 1102 1871 usi
1125 1811 1234 1889 depre-

214 1895 367 1957 catoribus
389 1895 510 1971 Remis,
534 1916 658 1977 quorum
682 1905 770 1958 erant
790 1896 822 1957 iu
838 1895 993 1969 clientela;
1017 1898 1121 1958 eadem
1136 1897 1236 1958 ferunt

214 2000 370 2060 responsa.
424 1981 549 2063 Peragit
578 1981 877 2044 concilium'Caesar
905 1981 1080 2062 equitesque
1106 1982 1237 2063 imperat

171 2089 200 2127 uo
215 2067 396 2128 civitatibus

184 2159 201 2206 5
280 2153 346 2214 Hac
374 2161 463 2232 parte
496 2151 615 2216 Galliae
630 2149 863 2237 pacabattotus
891 2163 923 2216 et
949 2162 1050 2215 mente
1077 2162 1108 2215 et
1135 2152 1239 2214 auimo

216 2239 248 2301 in
280 2238 392 2300 bellum
426 2239 624 2301 Treverorum
658 2250 690 2303 et
722 2236 908 2322 Ambiorigis
937 2241 1059 2303 insistit.
1105 2238 1237 2301 Cavari-

216 2344 289 2386 num
322 2343 387 2385 cum
422 2325 557 2406 equitatu
585 2326 739 2388 Senonum
768 2346 868 2388 secum
895 2327 1042 2408 proficisci
1068 2326 1167 2397 iubet,
1195 2343 1234 2385 ne

216 2411 281 2493 quis
305 2422 358 2471 aut
381 2430 418 2472 ex
439 2411 528 2472 huius
551 2412 707 2475 iracundia
743 2423 797 2475 aut
823 2433 859 2474 ex
885 2433 934 2486 eo,
963 2408 1043 2494 quod
1071 2419 1237 2484 meruerat,

172 2520 200 2559 so
216 2497 283 2559 odio
307 2497 438 2558 civitatis
461 2508 560 2559 motus
583 2500 720 2567 exsistat.
755 2499 820 2565 His,
836 2500 925 2561 rebus
946 2499 1130 2572 constitutis,
1154 2497 1235 2577 quod

214 2602 269 2664 pro
293 2583 449 2662 explorato
471 2584 604 2646 habebat
625 2586 831 2666 Ambiorigem
854 2585 968 2666 proelio
991 2604 1050 2646 non
1072 2604 1139 2646 esse
1161 2602 1236 2645 con-

216 2678 416 2743 certaturum,
450 2670 566 2750 reliqua
593 2673 656 2733 eius
684 2673 811 2734 consilia
838 2672 938 2733 animo
968 2670 1237 2750 circumspiciebat.

215 2755 315 2817 Erant
335 2755 469 2834 Menapii
491 2758 651 2838 propinqui
672 2759 847 2820 Eburonum
862 2758 987 2829 finibus,
1009 2757 1162 2837 perpetuis
1176 2775 1235 2835 pa-

215 2841 334 2903 ludibus
369 2841 511 2924 silvisque
544 2845 665 2919 muniti,
700 2845 750 2925 qui
778 2844 830 2906 uni
852 2863 890 2905 ex
915 2842 1018 2905 Gallia
1040 2845 1076 2904 de
1097 2861 1171 2922 pace
1193 2843 1234 2903 ad

172 2927 378 2989 succesorem
400 2929 516 3009 legatos
539 2950 699 3012 numquam
723 2932 876 2993 miserant.
917 2929 991 2992 Cum
1014 2930 1062 2991 his
1085 2948 1152 2990 esse
1176 2928 1236 2989 bo-

216 3014 338 3094 spitium
360 3014 529 3096 Ambiorigi
544 3017 672 3092 sciebat3
695 3018 768 3079 item
783 3038 837 3099 per
854 3018 1001 3079 Treveros
1016 3016 1137 3077 venisse
1152 3013 1234 3077 Ger-

215 3101 313 3162 manis
347 3100 378 3161 iu
412 3101 573 3164 amicitiam
601 3113 790 3183 cognoverat.
835 3105 921 3165 Haeo
947 3103 1030 3182 prius
1057 3102 1102 3163 illi
1130 3103 1236 3163 detra·

214 3187 315 3249 benda
338 3188 450 3249 auxilia
473 3189 681 3263 existimabat,
716 3211 805 3271 quarn
832 3190 930 3269 ipsum
954 3189 1031 3250 bello
1054 3188 1232 3261 lacesseret,

215 3293 253 3335 ne
275 3274 436 3353 desperata
458 3274 556 3336 salute
579 3286 632 3338 aut
655 3297 687 3338 se
708 3277 740 3338 in
761 3275 920 3355 Menapios
948 3277 1072 3337 abderet
1093 3283 1146 3335 aut
1166 3292 1236 3335 cum

171 3383 200 3421 aa
215 3360 442 3422 transrhenanis
471 3363 610 3441 congredi
639 3374 802 3444 cogeretur.
852 3362 919 3422 Hoc
939 3361 1013 3423 inito
1036 3360 1160 3422 consilio
1182 3369 1236 3421 to-

215 3446 276 3507 tius
299 3447 445 3508 exercitus
467 3447 683 3527 impedimenta
706 3451 744 3510 ad
766 3448 933 3510 Labienum
948 3449 979 3509 in
996 3448 1145 3509 Treveros
1160 3446 1236 3507 mit-

214 3531 254 3594 tit
286 3533 421 3614 duasque
454 3532 586 3614 legiones
615 3537 654 3597 ad
681 3555 748 3596 eum
776 3534 923 3613 proficisci
950 3535 1046 3609 iubet3
1080 3534 1145 3613 ipse
1168 3551 1235 3594 cum

215 3618 381 3698 legionibus
404 3621 551 3699 expeditis
574 3622 702 3701 quinque
723 3621 755 3682 iu
776 3621 934 3699 Menapios
950 3621 1157 3701 proficiscitur.
1184 3618 1235 3680 Illi

215 3703 298 3766 nulla
326 3716 431 3768 coacta
458 3726 550 3768 manu
578 3707 634 3769 loci
656 3707 806 3787 praesidio
828 3707 898 3767 freti
918 3707 950 3768 iu
973 3707 1066 3769 silvas
1088 3706 1234 3786 paludes-

183 3793 272 3869 6que
299 3793 470 3872 confugiunt
497 3813 610 3875 suaque
639 3795 742 3854 eodem
765 3794 927 3854 conferunt.
978 3794 1092 3856 Caesar
1111 3791 1235 3873 partitis

172 3899 195 3937 ⁴1
216 3875 309 3954 copiis
333 3897 399 3939 cum
422 3878 500 3942 Gaio
522 3879 619 3941 Fabio
642 3879 740 3959 legato
764 3889 795 3942 et
816 3880 859 3941 M.
873 3879 984 3942 Crasso
1008 3888 1167 3962 quaestore
1183 3898 1235 3939 ce-

215 3960 376 4044 leriterque
398 3965 510 4027 effectis
533 3967 672 4044 pontibus
695 3966 769 4028 adiit
790 3967 958 4046 tripertito,
982 3966 1118 4030 aedilicia
1132 3964 1236 4026 vicos-
