2616 4492
140 264 183 328 36
495 278 611 328 canon
635 277 805 328 nanuum

140 419 307 500 peditis:
341 417 590 502 impedimentis,
627 418 704 493 135,
732 419 767 480 ll
799 417 1167 498 uercingetorigem:

140 507 304 588 eea-einp&
332 505 505 588 oripioem,
538 506 569 578 4,
592 506 634 566 32
657 505 930 584 dumnorigem:
959 505 1166 584 domnos-iqi-

140 613 229 667 aem,
266 594 338 665 143,
361 593 404 654 40
431 591 654 672 glandibus:
692 589 903 673 plandiaibaa
932 589 974 673 (P
1004 609 1063 652 sor.
1087 591 1166 675 pn),

142 680 214 754 158,
239 680 280 742 36
313 682 411 741 iore:
431 682 565 760 furore,
603 678 674 753 160,
698 678 740 740 26
770 680 1012 740 consistunt:
1047 679 1166 739 eonati-

141 774 249 841 10051,
281 766 353 840 161,
377 768 396 826 3
424 768 603 827 fortunae
628 765 779 848 (fortune
800 765 929 849 AMT):
951 763 1165 846 fortitudine,

143 853 214 928 166,
242 853 281 916 19
305 854 495 933 inposita:
530 853 737 936 interposito,
768 854 818 927 14,
843 853 884 914 35
910 852 1165 932 postulatum:

139 939 395 1023 postulatarum,
418 939 471 1015 81,
495 941 537 1001 33
560 941 803 1021 imperatum:
825 940 1079 1023 imperatorem,
1114 940 1163 1012 33,

43 1034 57 1063 ⁰
140 1030 183 1089 32
206 1027 449 1089 deferebant:
471 1026 705 1108 differebantur.
744 1028 794 1089 Ex
816 1026 949 1088 secunda
971 1026 1009 1086 cl.
1026 1026 1166 1088 addenda

139 1112 226 1176 sunt:
250 1115 302 1188 53,
319 1111 339 1174 9
355 1113 536 1193 equiturn:
559 1114 742 1194 equitatum,
764 1116 872 1188 23,11
899 1114 1090 1192 spectari:
1112 1133 1166 1175 ea-

136 1201 273 1284 pectare',
298 1199 383 1274 79,2
406 1201 707 1280 contemptione:
730 1222 801 1263 cem
823 1200 1035 1280 temptatione,
1059 1197 1113 1273 67,
1128 1200 1167 1260 30

142 1287 491 1367 conventibusque:
515 1287 849 1369 commeatibusque,
874 1287 925 1360 72,
942 1287 984 1347 22
1007 1286 1165 1366 trigori-

140 1374 226 1436 bus:
245 1373 489 1456 sriptdioetbos.
533 1374 640 1454 Aeque
661 1374 752 1435 facile
775 1375 828 1449 50,
850 1371 893 1434 27
914 1373 1087 1447 timoris,
1120 1374 1167 1434 in-

141 1461 248 1540 primis
273 1461 300 1522 si
329 1459 448 1540 vulgari
471 1462 696 1540 permutatione
720 1461 891 1522 litterarum
913 1460 1045 1522 timores
1067 1468 1167 1522 ortum

143 1549 202 1622 sit,
226 1547 258 1608 in
280 1547 459 1609 timidiores
481 1547 568 1608 abiit
605 1548 823 1627 Amplexanda
844 1547 938 1627 igitur
953 1554 1002 1607 est
1016 1545 1168 1626 Stephani

143 1635 325 1697 coniectura.
369 1633 474 1696 Minus
495 1653 641 1714 prospere
665 1634 760 1695 cessit
782 1634 861 1713 quod
885 1629 957 1707 147,
982 1632 1020 1694 21
1046 1633 1085 1694 de
1107 1633 1167 1694 alio

141 1721 237 1784 verbo
267 1719 359 1783 simili
392 1723 480 1783 modo
509 1722 677 1801 depravato
701 1719 869 1782 coniectum
891 1727 949 1782 ast.
993 1720 1118 1782 Etenim
1141 1720 1168 1781 si

142 1827 202 1871 non
225 1808 257 1870 id
278 1809 348 1888 ipsa
370 1827 419 1870 res
442 1809 520 1870 satis
541 1809 645 1883 docet,
667 1808 717 1869 vel
739 1827 831 1869 unum
854 1806 1060 1888 exemplorum
1076 1826 1167 1886 prae-

143 1895 312 1958 cedentium
337 1914 412 1975 opus
435 1904 484 1957 est
505 1895 645 1968 novisse,
669 1904 704 1957 ut
726 1904 807 1957 reete
829 1895 988 1956 iudicetur.
1015 1893 1097 1955 Nam
1113 1913 1167 1974 pro

143 1984 350 2047 conuentibus
372 1991 406 2044 ut
428 1982 688 2045 conuenientibus
710 1983 857 2063 scriptum
880 1988 945 2055 est,
969 1982 1015 2042 ita
1037 2001 1167 2064 compa-

143 2070 291 2132 rantibus
322 2088 378 2148 pro
413 2070 627 2152 comparibus.
672 2068 762 2140 Quod
796 2078 898 2130 autern
929 2087 950 2128 a
982 2067 1169 2130 Schneidero

144 2156 298 2217 inventum
321 2155 412 2217 hodie
436 2156 574 2218 omnibus
596 2160 659 2219 tere
680 2157 831 2236 probatur
852 2155 1107 2230 cohaerentibus,
1138 2156 1168 2217 id

144 2242 227 2304 nullo
252 2241 341 2303 rnodo
365 2261 432 2304 cum
455 2244 610 2306 codicibus
633 2243 784 2304 convenit

208 2326 468 2398 Quemadmodum
499 2329 550 2402 18,
576 2329 595 2391 7
616 2337 688 2410 post
711 2329 829 2413 oppido
852 2328 975 2391 exstitit
995 2327 1170 2410 difficultas

144 2433 200 2493 pro
214 2413 375 2495 facultas,
399 2416 444 2476 sic
461 2415 511 2490 16,
531 2416 570 2477 13
593 2418 750 2479 barbaros
765 2417 958 2496 subsequitur
974 2416 1170 2498 obtempera-

145 2505 235 2563 teros
257 2519 311 2580 pro
333 2507 572 2582 temperaturos.

503 2905 617 2982 011111
648 2905 814 2981 TERTIUM„

316 3093 408 3163 lm
441 3093 1000 3164 ulumaulomlmts.

239 3385 284 3455 A.
322 3384 376 3457 Do
402 3385 595 3457 mutatione
625 3383 842 3481 singularum
870 3383 1078 3457 litterarum.

213 3554 240 3615 1.
277 3574 298 3616 c
320 3554 352 3616 in
374 3574 389 3616 e
411 3555 521 3618 mutati
542 3556 683 3636 exempla
705 3556 780 3616 haec
797 3563 869 3617 sunt
883 3555 915 3618 in
929 3556 1035 3620 PRA:
1058 3557 1112 3632 56,
1128 3561 1166 3622 41

148 3641 429 3747 opportaotaatme,
454 3642 525 3717 143,
550 3641 591 3703 26
614 3640 720 3743 etesia,
742 3640 853 3743 ineu
874 3641 927 3717 43,
951 3644 972 3705 8
994 3644 1167 3746 hiemaret,

147 3728 504 3896 noemma
526 3728 636 3888 oio
652 3729 1168 3898 cometem

144 3908 369 3983 perrumperet,
403 3900 475 3976 109,
499 3901 540 3963 38
565 3902 723 3984 penebt‘m,
758 3903 828 3976 142,
852 3903 894 3964 34
921 3901 1063 3980 eleatem,
1094 3906 1166 3980 115,

149 3987 190 4055 25
213 3985 462 4055 circumcoltere.
506 3988 598 4055 Certe
622 3987 694 4066 136,
721 3988 762 4056 28
784 3989 982 4067 adoriemur,
1005 3992 1086 4075 quod
1107 3993 1167 4057 ha-
