2616 4492
395 281 437 324 nn
462 280 580 324 uunnrs
607 279 758 323 courcmr.
1066 264 1086 329 3

65 430 190 512 scriptis
216 429 352 509 singulae
378 448 428 493 res
454 436 507 491 aut
533 447 591 489 non
619 427 696 491 satis
721 429 798 490 bene
822 429 988 494 recensitae
1007 439 1089 509 sunt,

65 540 140 610 aut,
181 531 207 592 si
242 549 302 612 qua
333 529 380 592 vel
407 528 631 593 accuratissime
659 529 811 610 exscripta
837 532 976 608 luerunt,
1014 533 1090 597 haec

65 652 126 696 nou
153 631 199 693 ita
224 631 254 692 in
282 630 414 693 ordinem
440 630 589 712 quendam
616 629 751 711 artisque
778 630 938 693 formulam
963 632 1090 697 redacta

65 734 259 815 praebentur,
293 739 326 794 ut
358 731 423 794 sine
455 729 572 793 infinito
605 731 667 794 fere
697 731 801 794 labore
834 733 869 793 de
895 732 1030 813 qualibet
1056 754 1089 798 re

66 834 209 897 certiores
242 832 303 893 fieri
334 831 504 912 possimus,
537 850 595 893 non
629 839 699 894 sunt
724 831 755 893 in
783 853 842 895 uno
870 832 971 913 aliquo
999 833 1090 916 scrip-

66 942 134 997 tore
160 932 262 995 omnia
279 933 486 1013 exspectanda
504 951 562 994 uno
580 941 690 995 conatu
713 934 754 994 ad
778 952 904 1013 unguem
924 935 1085 1014 castigata.

68 1033 171 1098 Pluris
197 1032 306 1110 etiam,
339 1052 428 1114 quarn
456 1034 522 1114 quis
554 1032 640 1095 facile
671 1033 786 1109 credit,
817 1033 960 1113 interest,
987 1044 1021 1096 ut
1051 1038 1089 1100 ab

69 1155 127 1197 uuo
165 1135 328 1216 eodemque
367 1133 455 1214 plene
495 1135 684 1196 conferantur
719 1134 835 1197 codices
867 1135 989 1215 optimi,
1031 1157 1088 1217 quo

68 1244 134 1299 tum
176 1234 273 1298 multa
311 1237 518 1312 observentur,
558 1255 635 1316 quae
667 1234 746 1298 alius
779 1235 889 1315 aliquis
914 1255 967 1316 pro
994 1236 1088 1300 nihilo

67 1343 173 1418 putet,
205 1343 270 1399 tum
304 1336 421 1398 omuino
455 1337 495 1398 ad
526 1355 590 1398 rem
623 1344 694 1416 apte
721 1343 977 1417 congruenterque
1003 1341 1089 1417 perfi-

67 1438 166 1501 ciatur
205 1437 299 1499 labor.
353 1435 489 1499 Primum
520 1436 636 1517 quidem
668 1436 698 1498 in
731 1437 856 1516 legendo
890 1436 1000 1501 acriter
1027 1439 1090 1500 ani-

67 1559 134 1601 mus
161 1538 254 1600 etiam
280 1537 320 1599 ad
343 1536 375 1599 id
400 1536 583 1614 intendatur,
616 1538 695 1618 quod
720 1536 842 1600 levioris
868 1538 1009 1600 momenti
1037 1559 1089 1618 pu-

66 1647 160 1716 tetur,
191 1646 256 1701 tum
287 1658 364 1720 quae
396 1636 607 1701 animadversa
631 1639 751 1700 fuemnt
776 1645 856 1700 certo
881 1637 993 1700 iudicio
1019 1648 1090 1703 sunt

66 1740 263 1821 ponderanda
294 1747 452 1821 menteque
489 1737 678 1819 replicanda,
717 1758 771 1801 nec
803 1736 962 1819 quicquam
974 1784 983 1815 ‚
1018 1739 1090 1802 licet

66 1840 248 1904 vilissimum
280 1840 429 1914 videatur,
463 1841 723 1903 contemnendum:
756 1859 826 1901 uam
858 1857 969 1919 magua
995 1860 1088 1921 saepe

66 1941 276 2022 intellegemus
302 1962 341 2004 ex
367 1938 481 2021 parvis.

115 2044 183 2106 Iam
215 2043 362 2124 sequitur,
394 2049 445 2118 ut,
478 2038 585 2123 quibus
610 2038 780 2102 nominibus
811 2039 939 2102 infracta
972 2059 1007 2101 ac
1039 2041 1089 2103 de·

65 2143 190 2207 bilitata
215 2143 256 2205 sit
282 2142 446 2206 auctoritas
471 2140 604 2205 codicum
630 2141 888 2218 caesarianorum,
914 2140 1088 2204 summatim

65 2244 266 2326 perscribam,
293 2264 353 2326 qua
379 2242 409 2305 in
435 2263 467 2305 re
492 2242 537 2304 ita
562 2243 715 2320 versabor,
742 2250 776 2305 ut
798 2241 886 2305 certis
908 2241 1088 2322 perspicuis

66 2365 124 2428 que
163 2345 313 2426 exemplis
352 2365 391 2407 ox
431 2343 544 2424 optimo
572 2363 689 2425 quoque
717 2342 984 2425 antiquissimoqne
1011 2341 1087 2404 libro

68 2446 181 2527 scripto
208 2445 348 2528 repetitis
374 2446 411 2506 de
437 2444 506 2507 aliis
532 2445 664 2508 eiusdem
690 2444 807 2524 generis
834 2443 907 2506 locis
934 2442 1021 2506 facile
1048 2441 1088 2505 sit

64 2547 208 2610 iudicare.
260 2547 340 2610 Illud
373 2565 489 2627 quoque
515 2545 645 2608 monitos
671 2545 763 2609 velim
790 2564 860 2621 eos,
893 2544 944 2626 qui
969 2545 1087 2624 legent,

65 2648 97 2710 in
121 2648 191 2728 ipsa
216 2647 351 2710 oratione
377 2645 518 2709 Caesaris
540 2646 622 2730 typis
640 2647 813 2709 mandanda
828 2664 888 2707 nou
905 2664 1024 2725 semper
1040 2664 1088 2708 me

66 2769 104 2812 ea
130 2747 336 2830 expressisse,
369 2768 446 2830 quae
470 2766 525 2828 per
550 2767 584 2809 se
609 2746 736 2810 meliora
767 2746 845 2822 siut,
877 2746 931 2809 sed
962 2745 1088 2827 optimo·

65 2870 133 2913 rum
165 2848 299 2912 codicum
332 2847 508 2929 scriptiones
541 2847 743 2927 compluribus
774 2846 849 2910 locis
874 2845 1031 2910 retinuisse
1055 2845 1086 2907 in

65 2951 174 3032 quibus
212 2950 313 3032 aliquo
353 2949 460 3012 saltem
499 2956 589 3028 pacto
621 2947 690 3011 ferri
715 2949 773 3011 hae
798 2966 888 3028 posse
913 2946 1083 3009 rideantur.

66 3049 205 3115 Getarum
238 3052 277 3113 ad
310 3071 348 3114 ea
382 3069 458 3131 quae
489 3048 520 3111 in
552 3046 705 3130 prooemio
737 3046 833 3128 primo
864 3046 1009 3110 volumini
1035 3047 1086 3110 ad·

66 3150 168 3216 iuncto
201 3153 239 3216 de
269 3151 317 3215 his
347 3152 437 3216 rebus
464 3151 624 3213 observata
648 3159 719 3212 sunt
743 3149 874 3212 lecturos
901 3146 1083 3226 delegamus.
1162 3142 1164 3147 ’

115 3252 244 3318 Litteris
268 3252 437 3317 initialibus
462 3250 579 3314 codices
605 3250 776 3314 iudicantur
798 3248 937 3332 binisque
953 3246 1085 3312 numerio

66 3354 198 3437 paginae
222 3362 255 3419 et
279 3374 387 3419 versus
412 3352 501 3418 huius
527 3351 679 3415 editionis.

477 3645 673 3667 Μ
