2616 4492
483 279 530 327 55
554 276 804 328 osnssroumns.
1135 267 1156 333 9

137 414 271 479 editores
292 416 342 478 bis
364 434 480 496 quoque
503 417 580 480 locis
603 424 794 480 recesserunt
816 434 835 477 5
857 416 1026 480 codicibus:
1060 417 1090 493 6,
1114 421 1155 484 39

136 504 311 578 occidisset,
337 503 409 576 151,
436 503 568 566 161151.
615 504 1153 590 0551151151155505151511515ξ151,

137 591 155 651 7
174 591 333 673 prodiret,
367 589 419 664 55,
443 589 637 671 4015515551,
672 591 723 664 29,
749 592 786 653 11
810 597 916 670 posset
937 592 1032 671 (quod
1054 594 1155 656 reiici-

134 675 378 760 551ζ55555111),
405 676 477 751 104,
505 677 543 738 15
567 679 761 751 consederat,
787 678 858 750 140,
884 676 902 737 7
926 685 1063 760 capoten.

202 764 231 825 5.
272 785 297 845 p
319 763 349 824 in
373 763 475 824 verbis
499 765 691 844 paucissimis
715 766 842 825 eiectum
866 771 939 828 est.¹
968 767 1155 839 Tonantibus

135 852 202 913 cdd.
233 857 409 913 constanter
439 857 590 932 temptare
618 871 675 913 uno
700 853 764 912 loco
792 852 863 923 139,
889 851 981 914 1915
1009 854 1034 914 Α
1056 856 1155 935 scrip·

135 947 200 999 tum
224 948 272 1000 est
294 945 432 1010 temtore,
462 938 541 1016 quod
568 940 598 999 in
628 945 747 1001 tentore
774 947 922 999 mutatum
946 941 1041 1002 voluit
1065 961 1102 1002 m.
1125 945 1155 1004 2.

134 1025 252 1086 Eodem
287 1024 374 1086 rrrodo
403 1044 428 1103 p
463 1026 575 1085 omisso
605 1032 664 1086 tene
694 1026 723 1086 in
748 1031 797 1086 ten
820 1033 937 1086 mutato
961 1030 1156 1091 contentione

135 1110 187 1185 79,
213 1114 232 1172 2
256 1118 304 1172 551
326 1110 358 1170 15
379 1108 438 1171 PA
461 1110 660 1190 similiterque
683 1109 734 1184 90,
760 1111 799 1172 lli
823 1113 852 1172 io
877 1113 906 1174 U
931 1112 998 1193 (47,
1016 1114 1056 1175 28
1079 1135 1154 1176 con-

134 1198 306 1261 tentionem
329 1195 396 1256 cdd.
411 1196 554 1279 aliorum)
580 1205 671 1277 atque
695 1197 843 1258 ambobus
865 1200 913 1259 his
937 1199 1011 1260 locis
1034 1201 1065 1261 in
1088 1203 1154 1263 edi-

134 1285 272 1347 tionibus
297 1284 457 1344 nonnullis.
484 1283 554 1353 158,
578 1285 619 1345 25
643 1285 673 1348 15
695 1284 724 1345 U
747 1283 857 1362 legitur
879 1287 1111 1349 consumsisset.

201 1371 230 1433 6.
275 1377 287 1432 t
317 1369 430 1430 omisso
459 1370 629 1448 imperfecti
661 1371 690 1431 in
722 1370 902 1431 infinitivum
926 1374 1036 1434 mutati
1058 1394 1155 1454 pauca

134 1457 277 1538 exempla
299 1464 385 1516 sunt:
419 1453 449 1529 9,
473 1458 515 1518 42
539 1457 673 1518 creuisse
697 1456 734 1529 R,
768 1457 819 1530 37,
846 1459 885 1519 14
904 1461 996 1539 serre
1017 1461 1055 1534 R,
1084 1463 1153 1536 154,

134 1544 175 1607 39
199 1544 340 1607 accidere
361 1541 401 1616 R,
426 1543 513 1617 70,1
539 1561 721 1625 capnoscere
743 1543 845 1619 ATU,
872 1545 1000 1617 127,16
1024 1554 1153 1610 contro-

132 1631 206 1694 bere
234 1637 274 1694 A.
319 1629 488 1690 Potuerunt
521 1637 624 1690 tamen
658 1630 717 1690 isto
753 1632 841 1691 modo
877 1633 911 1692 ll
944 1652 972 1693 v.
997 1634 1037 1692 23
1061 1637 1154 1696 5124

132 1716 315 1781 conlocaret
347 1723 379 1775 et
411 1713 578 1797 compleret
608 1715 639 1777 in
670 1716 849 1777 infinitivum
886 1720 1072 1792 commutari,
1103 1724 1154 1801 qui

132 1805 276 1883 deinceps
299 1803 329 1863 in
353 1804 507 1880 passivam
531 1805 659 1863 formam
683 1801 803 1864 abierit.
848 1803 1156 1887 Etiamzacciderent

130 1891 185 1965 50,
209 1890 250 1953 39
274 1890 304 1951 15
328 1888 509 1950 infinitivum
532 1899 580 1949 est
603 1897 760 1950 mutatum.

199 1975 227 2038 7.
272 1974 437 2046 Quaelibet
460 1976 564 2037 littera
587 1976 617 2037 in
641 1975 765 2036 exordio
782 1976 853 2038 libri
870 1976 917 2038 vel
934 1979 1045 2056 capitis
1060 2000 1152 2060 prae-

132 2062 363 2128 termittebatur
378 2082 397 2122 a
413 2061 552 2135 librario,
576 2070 610 2123 ut
624 2071 732 2141 postea
753 2065 783 2123 15
798 2083 894 2124 55555
916 2054 1052 2127 ornatius
1075 2070 1152 2129 scri-

134 2153 269 2225 beretur,
298 2149 376 2228 quod
405 2148 554 2210 interdum
584 2158 637 2210 aut
659 2148 826 2227 neglectum
849 2160 898 2211 est
920 2159 974 2211 aut
995 2171 1153 2232 perperam

131 2241 256 2301 iactum.
294 2233 361 2305 Quo
383 2235 470 2295 modo
491 2234 543 2309 67,
557 2237 577 2297 4
592 2236 631 2298 L.
648 2235 743 2312 deest,
768 2236 818 2311 75,
835 2236 885 2311 28,
902 2238 953 2298 ubi
970 2238 1007 2299 D
1023 2238 1153 2325 (Deam)

130 2329 242 2399 luerat,
271 2319 432 2404 (1(011111)
456 2321 653 2384 substitutum
678 2332 735 2383 551.

131 2550 173 2620 Β.
213 2548 268 2617 Dc
296 2547 485 2618 omissione
512 2544 666 2643 plurium
693 2543 889 2616 litterarum
918 2543 1153 2646 5515511115-

213 2692 292 2736 rum
320 2663 579 2736 515511151515.
840 2673 844 2680 '

196 2837 220 2898 I.
258 2837 293 2897 15
317 2835 431 2915 duplici
455 2835 532 2896 55115
555 2836 725 2895 litterarum
751 2833 911 2893 earundem
935 2834 984 2896 vel
1007 2836 1151 2897 consimi-

133 2925 217 2996 lium,
246 2932 277 2984 et
306 2923 425 3002 quidem
450 2923 580 2983 maxime
604 2920 742 2980 binarum
767 2928 798 2978 et
821 2928 985 2994 ternarum,
1010 2929 1063 2981 551
1085 2922 1151 3003 syl-

135 3011 224 3074 labas
247 3017 300 3070 551
322 3008 497 3088 inaequales
521 3005 802 3087 comprehensiones
826 3005 996 3068 litterarum
1013 3016 1151 3069 551551-

133 3097 175 3158 ba
206 3096 399 3158 allicientium
432 3095 581 3156 alterutra
619 3111 710 3170 saepe
746 3091 908 3154 intercidit.
964 3092 1053 3162 Quod
1087 3103 1151 3156 tum

133 3184 233 3246 511515
256 3183 385 3244 alteram
408 3183 549 3243 continuo
574 3188 718 3259 sequente
745 3181 859 3241 lactum
884 3188 932 3240 est
953 3188 1016 3241 turn
1040 3180 1151 3242 litteris

135 3271 254 3352 aliquot
276 3268 324 3329 vel
346 3267 448 3328 verbis
473 3264 737 3347 intercedentibus.

198 3356 226 3418 l.
271 3354 499 3417 Continentium
533 3355 703 3416 litterarum
742 3359 773 3413 et
806 3351 992 3434 syllabarum
1026 3353 1150 3415 omissio

130 3443 225 3505 fiebat
247 3461 299 3503 seu
321 3442 412 3521 plane
435 3443 558 3502 eaedem
581 3448 670 3501 erant
690 3439 837 3519 repetitae
858 3459 910 3500 seu
930 3440 1026 3512 tales,
1050 3448 1084 3503 ut
1104 3442 1148 3501 si-

131 3529 301 3591 militudine
324 3528 427 3607 aliqua
449 3529 497 3589 vel
519 3529 687 3607 scripturae
711 3526 758 3586 551
782 3525 996 3606 appellationis
1027 3527 1149 3589 eaedem

132 3616 223 3678 155115
258 3635 325 3676 5555
360 3615 542 3676 viderentur.
589 3614 663 3675 Cum
693 3612 787 3672 verba
809 3613 933 3673 15115115
955 3613 1148 3674 truncatain

132 3702 255 3782 optimis
279 3702 344 3763 cdd.
369 3700 527 3761 rarissima
550 3709 620 3761 sunt
645 3697 712 3779 (97,
738 3697 786 3758 14.
813 3698 883 3770 104,
910 3699 957 3758 12.
984 3700 1054 3773 140,
1081 3700 1148 3784 13),

131 3790 212 3850 haud
235 3788 406 3866 infrequens
430 3797 477 3847 est
500 3787 555 3847 illa
569 3787 607 3847 ob
631 3784 728 3847 simile
752 3783 866 3862 aliquid
888 3803 1044 3848 recurrens
1065 3786 1149 3849 iacta

130 3874 309 3936 imminutio.
353 3873 503 3952 Exempla
523 3874 599 3934 haec
614 3881 718 3933 sunto:
741 3867 792 3946 59,
808 3870 849 3931 27
871 3870 1001 3933 dimisse
1013 3872 1050 3945 P,
1076 3872 1148 3948 148,

133 3959 152 4023 7
172 3961 366 4025 intermiscet
382 3961 419 4033 P,
444 3960 495 4034 57,
512 3960 533 4021 4
555 3958 754 4022 commiscent
768 3957 808 4031 R,
834 3957 904 4032 138,
923 3960 957 4019 11
983 3959 1150 4041 amensque
