2616 4492
543 640 760 695 EXPLICATIO
786 641 976 695 SIGLORUM.

250 817 317 869 add.
341 813 461 873 addidit,
484 813 656 865 addiderunt.

251 904 292 955 cd.
315 903 408 953 codex.
431 900 472 951 cd.
495 909 558 951 mat.
581 902 668 951 codex
689 897 809 950 mutilus.

251 989 313 1040 cdd.
336 985 455 1046 codices,
478 1002 569 1036 omnes
589 985 646 1036 sive
668 983 749 1035 ceteri
774 984 885 1036 codices.

253 1083 297 1126 cet.
320 1071 409 1124 ceteri.
444 1070 475 1122 P
494 1080 538 1123 cet.
568 1071 706 1124 Parisinus
736 1070 872 1138 ceterique
899 1071 963 1123 huic
985 1072 1068 1141 vulgo
1091 1081 1278 1145 congruentes,

319 1158 394 1209 Idem
428 1156 457 1208 P
489 1156 622 1226 significat
654 1156 819 1224 ubicumque
853 1157 999 1224 opponitur
1032 1157 1171 1227 scriptioni
1207 1161 1279 1213 codi-

321 1260 381 1295 cum
403 1243 456 1295 TU.

256 1347 322 1383 corr.
345 1334 480 1381 correctus
502 1342 585 1379 manu
606 1326 716 1395 prima..

255 1416 295 1469 ed.
318 1415 407 1468 editio.
440 1413 500 1466 edd.
525 1413 663 1466 editiones,

256 1519 306 1556 our.
329 1501 433 1562 omisit,
457 1498 612 1552 omiserunt.
673 1542 675 1549 ⁴

256 1605 305 1641 scr.
317 1605 363 1658 pr.
385 1585 496 1654 scriptio
518 1585 607 1652 prima
629 1584 687 1651 (ubi
710 1601 770 1638 eam
792 1591 889 1652 postea
910 1587 1027 1641 correxit
1049 1588 1145 1640 eadem
1167 1586 1284 1650 manus).

257 1690 315 1742 sqq.
337 1677 488 1741 sequentes.

259 1769 314 1814 tat.
341 1759 411 1812 occ.
435 1762 505 1809 teste
527 1756 728 1825 Oudendorpio.

323 1845 491 1898 Litterarum
519 1841 677 1910 compendio
704 1843 734 1894 hi
761 1842 864 1894 codices
893 1842 1049 1896 Schneideri
1078 1849 1107 1895 et
1127 1844 1288 1912 Nipperdeii

260 1930 423 1999 aliquotiens
446 1932 703 1980 commemorantur:
725 1927 946 1997 Boaparsiaaas
967 1930 1115 1991 amundus,
1138 1930 1288 1984 Rusticia-

261 2032 328 2078 nus,
361 2015 577 2084 Eymoadaaus,
618 2013 840 2067 Vindobonmses
862 2016 986 2084 pamas,
1013 2016 1161 2079 secundus,
1184 2034 1289 2080 nonus,

268 2101 423 2157 Vossianus
443 2099 593 2162 sccundus,
629 2099 853 2153 Vratislacicasis
871 2102 988 2170 pamas.
1033 2102 1146 2154 Ceterae
1167 2103 1290 2155 codicum

262 2191 347 2240 notae
370 2202 408 2239 ex
433 2185 496 2247 illa,
530 2202 601 2254 quae
628 2187 745 2238 secundo
774 2186 904 2238 volumini
932 2186 1062 2239 adiuncta
1089 2193 1143 2250 est,
1177 2190 1292 2256 praevia

263 2273 362 2326 notitia
394 2272 600 2342 intelleguntur.
650 2271 791 2325 Editiones
819 2273 982 2342 plerumque
1009 2273 1072 2326 solis
1101 2275 1219 2327 numeris
1254 2274 1292 2327 ibi

264 2357 375 2412 statutis
397 2358 559 2410 referuntur.
603 2358 647 2410 Ad
675 2359 726 2410 bas
748 2358 853 2411 accedit
877 2356 918 2430 51}
939 2359 1116 2412 Tarvisiensis
1139 2377 1181 2414 an.
1208 2360 1291 2414 1482

264 2445 298 2498 iis
320 2444 386 2497 locis
411 2444 509 2513 quibus
530 2443 646 2512 primam
668 2443 866 2497 Tarvisiensem
887 2461 941 2496 non
964 2444 1143 2513 inspexeram.

329 2530 446 2584 Lineola
466 2529 570 2582 directa
591 2531 734 2583 verborum
761 2529 876 2583 indicari
898 2547 948 2598 per
970 2530 1047 2583 binos
1068 2547 1165 2584 versus
1188 2531 1293 2584 seiunc-

266 2617 375 2670 tionem.

332 2702 412 2757 Uncis
434 2701 556 2754 inclusae
577 2707 642 2754 sunt
663 2700 784 2754 codicum
807 2707 889 2753 notae
911 2701 1010 2770 quibus
1026 2702 1105 2763 locis,
1129 2702 1195 2772 quid
1210 2703 1294 2771 scrip·

268 2795 327 2842 tum
349 2793 434 2849 esset,
457 2786 566 2839 silentio
588 2787 748 2840 conferentis
771 2786 983 2857 significabatur.

333 2875 400 2928 Post
426 2873 599 2942 scriptionem
626 2874 747 2943 plurium
774 2873 906 2926 librorum
929 2872 1106 2927 communiter
1127 2873 1296 2942 propositam

269 2975 334 3030 pars
356 2959 445 3021 illius,
472 2959 495 3011 si
517 2959 545 3011 in
566 2976 621 3011 uno
643 2960 764 3012 alterove
787 2959 877 3012 differt
899 2960 1115 3030 aliquantulum,
1143 2976 1205 3012 cum
1231 2966 1297 3013 nota

270 3045 373 3100 codicis
390 3044 467 3097 uncis
490 3044 596 3098 inclusa
617 3051 665 3098 est.
711 3047 790 3108 Quod
812 3045 899 3099 sicubi
921 3047 949 3099 in
970 3045 1117 3101 levioribus
1139 3046 1220 3097 rebus
1243 3063 1298 3098 nou

271 3137 314 3186 est
342 3134 517 3184 observatum
546 3132 581 3183 de
608 3131 744 3184 codicibus
766 3131 899 3185 inferioris
922 3133 1021 3185 ordinis
1044 3136 1094 3185 aut
1116 3133 1150 3183 de
1173 3131 1298 3184 editioni-

272 3220 338 3280 bus,
360 3218 389 3271 id
412 3217 441 3269 in
461 3216 605 3271 voluminis
626 3233 661 3270 m
681 3223 762 3286 parte
784 3219 887 3280 altera,
909 3218 958 3270 ubi
980 3219 1063 3271 etiam
1078 3219 1113 3270 de
1128 3217 1299 3288 singulorum

272 3305 418 3358 verborum
445 3302 580 3356 scribendi
601 3303 708 3356 ratione
729 3309 837 3374 agetur,
860 3303 1015 3356 summatim
1036 3320 1195 3372 proponam.
1239 3306 1299 3367 Quo

273 3390 302 3442 in
330 3388 468 3445 volumine
495 3389 560 3443 item
588 3390 730 3442 coniuncte
757 3389 862 3441 dicetur
888 3391 923 3441 de
944 3389 1138 3442 assimilatione
1161 3407 1232 3459 quae
1253 3408 1300 3442 ro-

275 3482 353 3530 catur
375 3476 403 3528 in
425 3474 515 3528 verbis
539 3475 693 3544 compositis
716 3480 745 3527 et
766 3476 801 3526 de
821 3473 882 3527 aliis
904 3476 985 3529 rebus
1010 3475 1207 3547 ortographicis
1231 3476 1301 3544 opti-

275 3578 381 3615 morum
404 3561 541 3626 codicum,
563 3579 634 3630 quae
657 3578 746 3632 neque
768 3559 796 3611 in
818 3561 879 3630 ipsa
902 3562 1047 3616 collatione
1068 3579 1158 3633 neque
1180 3561 1208 3615 in
1231 3580 1301 3615 com·

276 3647 442 3700 mentatione
464 3647 528 3711 illa,
551 3664 623 3717 quae
645 3649 680 3700 de
701 3645 806 3699 mendis
828 3645 951 3701 codicum
966 3649 1129 3711 inscribitur,
1152 3654 1217 3702 suut
1231 3666 1302 3703 conr·

276 3738 450 3787 memoratae.
