2616 4492
401 288 471 334 nra.
488 290 536 336 vr.
559 289 636 336 cnr.
653 274 791 337 37-42.
1045 274 1106 339 107

84 425 186 507 giones
209 428 349 500 credunt,
374 448 450 508 quas
463 428 590 509 ¹longius
606 429 784 490 discessisse
799 448 837 490 ex
851 428 979 509 captivis
994 450 1106 511 eogno-

84 520 208 585 verant;
241 523 349 592 postea
382 517 525 595 despecta
557 516 710 595 paucitate
739 535 776 577 ex
804 516 940 576 omnibns
967 518 1105 595 partibus

83 599 230 677 impetum
263 601 385 661 iaciunt.
431 601 561 662 Calones
594 602 625 662 in
658 602 826 682 proximum
859 602 1006 663 tumulum
1033 613 1150 682 pro-40

83 694 222 758 currunt;
255 686 326 747 hinc
359 687 494 748 celeriter
522 688 628 749 deiecti
655 708 688 750 se
716 689 746 749 in
769 689 856 769 signa
877 689 1106 768 manipulosque

83 771 257 832 coniiciunt:
282 792 317 833 eo
340 774 436 853 magis
459 773 581 835 timidos
603 785 773 853 perterrent
794 775 914 836 milites.
947 775 1027 848 Alii,
1051 793 1133 837 cu-s

83 877 140 918 neo
163 859 244 918 lacto
267 869 300 920 nt
323 859 458 920 celeriter
478 870 690 940 perrumpant,
720 871 857 933 censent,
880 862 1020 940 quoniam
1042 870 1107 923 tam

83 944 254 1023 propinqua
277 946 339 1006 sint
361 956 475 1019 castra,
501 957 531 1007 et
553 947 579 1007 si
600 966 672 1026 pars
696 947 797 1027 aliqua
812 948 1014 1009 circumventa
1028 948 1106 1009 ceci·

84 1030 177 1102 derit,
201 1040 235 1092 at
256 1032 385 1112 reliquos
410 1033 527 1094 servari
548 1053 638 1112 posse
661 1035 828 1107 confidunt3
852 1034 918 1107 alii,
942 1043 976 1094 ut
991 1036 1023 1094 in
1037 1034 1105 1114 iugo

83 1116 253 1178 consistant
281 1127 372 1197 atque
400 1121 525 1180 eundem
555 1139 657 1180 omnes
686 1121 786 1195 lerant
808 1139 919 1180 casum.
963 1120 1029 1181 Hoo
1050 1139 1106 1180 ve-
1165 1195 1173 1209 ,

82 1212 162 1263 teres
186 1222 246 1263 non
269 1206 400 1283 probant
422 1206 548 1278 milites,
573 1225 647 1285 quos
671 1207 725 1267 sub
748 1206 859 1266 vexillo
882 1224 943 1266 uua
957 1209 1105 1284 profectos
1120 1225 1149 1262 ro

84 1289 248 1351 docuimus.
291 1291 399 1371 Itaque
421 1291 500 1352 inter
523 1312 555 1352 se
577 1293 727 1353 cohortati
749 1294 822 1353 duce
844 1291 922 1353 Gaio
939 1293 1105 1366 Trebonio,

85 1375 184 1455 equite
206 1376 361 1448 Romano,
385 1378 435 1456 qui
458 1379 500 1438 eis
524 1386 592 1439 erat
612 1379 819 1459 praepositus,
842 1398 897 1457 per
920 1379 1033 1439 medios
1048 1380 1106 1439 bo-

84 1471 147 1522 stes
180 1471 377 1541 perrnmpunt
403 1464 624 1544 incolumesque
652 1466 691 1524 ad
713 1484 804 1525 unum
829 1483 930 1525 omnes
952 1465 984 1525 in
1006 1474 1108 1526 castra

83 1548 270 1626 perveniunt.
314 1550 381 1609 Hos
403 1549 556 1610 subsecuti
578 1550 698 1610 calones
721 1551 895 1630 equitesque
918 1552 1021 1611 eodem
1043 1551 1104 1611 im·

83 1643 156 1718 petu
183 1634 312 1695 militum
339 1635 450 1695 virtute
473 1643 642 1696 servantur.
685 1635 732 1696 At
753 1637 789 1706 ii,
819 1637 868 1715 qui
889 1637 921 1696 in
942 1637 1010 1716 iugo
1033 1656 1106 1699 con·
1121 1655 1149 1693 rs

85 1720 244 1792 stiterant,
274 1720 355 1780 nullo
384 1721 555 1781 etiamnunc
581 1740 639 1782 usu
661 1722 705 1782 rei
726 1722 864 1782 militaris
887 1732 1027 1802 percepto
1051 1742 1106 1784 ne-

86 1824 143 1885 qne
165 1806 197 1865 in
219 1824 270 1877 eo,
299 1808 377 1885 quod
399 1808 620 1885 probaverant,
649 1808 772 1868 consilio
795 1827 986 1887 permanere,
1016 1819 1051 1870 ut
1074 1826 1106 1870 se

85 1892 150 1952 loco
174 1892 326 1970 superiore
349 1894 556 1966 defenderent,
580 1913 676 1972 neque
691 1913 758 1955 eam
775 1914 864 1973 quam
878 1896 1021 1973 prodesse
1037 1894 1106 1956 aliis

85 1979 147 2038 vim
175 1978 417 2059 celeritatemque
430 1979 579 2044 ¹uiderant
601 1980 712 2041 imitari
736 1989 917 2060 potuerunt,
943 1982 997 2041 sed
1019 2001 1051 2042 se
1075 1982 1106 2042 in

86 2072 188 2124 castra
209 2065 339 2143 recipere
362 2066 462 2126 conati
483 2066 617 2146 iniquum
639 2066 670 2139 in
688 2066 785 2127 locum
804 2067 995 2128 demiserunt.
1024 2067 1107 2128 Cen·
1120 2086 1151 2125 no

85 2149 236 2225 turiones,
266 2170 392 2230 quorum
419 2152 556 2213 nonnulli
586 2172 623 2213 ex
644 2152 832 2213 inferioribus
856 2153 1010 2214 ordinibus
1033 2154 1106 2215 reli-

85 2255 213 2316 quarum
241 2237 390 2318 legionum
413 2238 534 2299 virtutis
557 2258 650 2299 causa
670 2239 702 2299 in
725 2239 893 2318 superiores
917 2249 1002 2300 erant
1025 2240 1107 2301 ordi-

85 2343 138 2384 nes
160 2324 249 2385 huius
272 2323 394 2404 legionis
416 2325 560 2398 traducti,
595 2345 633 2386 ne
660 2334 730 2386 ante
758 2337 878 2404 partam
900 2326 944 2385 rei
967 2326 1106 2389 militaris

85 2408 203 2471 leudem
228 2411 415 2485 amitterent,
438 2393 602 2472 lentissime
624 2421 793 2491 pugnantes
809 2412 1010 2472 conciderunt.
1043 2413 1107 2474 Mi-

85 2496 171 2556 litum
194 2517 266 2575 pars
288 2497 394 2558 horum
417 2498 538 2558 virtute.
552 2500 710 2559 summotis
730 2499 869 2559 hostibus
885 2508 1006 2577 praeter
1022 2518 1106 2578 spem
1120 2517 1149 2555 rs

84 2581 240 2643 incolumis
274 2582 305 2642 iu
338 2593 440 2644 castra
472 2585 625 2664 pervenit,
659 2604 732 2665 pars
767 2606 786 2645 a
813 2585 950 2646 barbaris
979 2585 1105 2646 circum·

86 2679 178 2728 venta
199 2668 296 2746 periit.
371 2726 374 2733 ,
606 2714 610 2723 .

151 2753 295 2813 Germani
318 2755 478 2832 desperata
500 2756 720 2835 expugnatione
744 2767 924 2828 castrorum,
948 2758 1026 2835 quod
1050 2775 1106 2816 no·
1115 2754 1147 2803 41

87 2849 167 2899 stros
200 2839 261 2899 iam
295 2839 464 2899 constitisse
492 2839 523 2900 in
544 2842 760 2902 munitionibus
782 2843 942 2915 videbant,
977 2856 1041 2904 oum
1070 2862 1107 2904 ea

86 2926 216 3002 praeda,
251 2943 340 3003 quam
362 2924 393 2983 in
416 2923 501 2985 silvis
524 2927 739 3004 deposuerant,
768 2937 855 2996 trans
876 2928 1016 2989 Rhenum
1040 2946 1107 2988 sese
1121 2945 1150 2983 ao

88 3019 274 3089 receperunt.
318 3009 364 3070 At
385 3018 490 3069 tantus
511 3011 567 3071 luit
589 3013 679 3090 etiam
701 3023 771 3092 post
794 3015 958 3074 discessum
974 3013 1107 3074 hostium

86 3107 194 3170 terror,
217 3105 249 3157 ut
267 3116 303 3156 ea
319 3104 415 3166 nocte,
437 3113 503 3156 cum
521 3096 617 3158 Gaius
628 3098 801 3159 Volusenus
817 3099 928 3180 missus
943 3119 1009 3160 cum
1020 3099 1107 3178 equi-

86 3193 154 3245 tatu
177 3184 216 3243 ad
239 3192 340 3242 castra
361 3182 509 3254 venisset,
533 3183 622 3243 fidem
645 3203 705 3244 non
726 3186 840 3245 faceret
854 3187 962 3246 adesse
977 3203 1041 3245 oum
1056 3185 1106 3244 in-

87 3270 194 3331 columi
218 3269 380 3330 Caesarem·
401 3268 540 3329 exercitu.
570 3268 621 3330 Sic
636 3270 756 3330 omnino
773 3270 889 3331 animos
905 3271 995 3332 timor
1015 3289 1106 3349 prae-

88 3364 310 3435 occupaverat,
328 3365 362 3416 ut
383 3350 479 3434 paene
501 3355 633 3416 alienata
655 3365 756 3416 mente
777 3357 884 3417 deletis
902 3357 1037 3417 omnibus
1053 3376 1106 3417 oo·
1120 3374 1149 3413 os

87 3443 145 3522 piis
175 3443 339 3522 equitatum
368 3462 401 3502 se
430 3461 467 3503 ex
487 3444 560 3521 luga
581 3442 727 3522 recepisse
750 3443 882 3503 dicerent
904 3463 1000 3522 neque
1021 3443 1107 3504 inco-

87 3530 161 3590 lumi
189 3530 319 3590 exercitu
347 3528 513 3590 Germanos
542 3540 644 3590 castra
667 3539 896 3609 oppugnaturos
918 3529 1015 3600 luisse,
1034 3548 1107 3590 con-

89 3618 255 3676 tenderent.
301 3612 397 3682 Quem
421 3615 556 3675 timorem
581 3615 723 3676 Caesaris
746 3617 896 3676 adventus
919 3615 1050 3675 sustulit:

152 3703 305 3763 Reversus
328 3701 378 3762 ille
401 3695 618 3762 eventus'belli
642 3721 700 3763 non
724 3702 865 3781 ignorans
882 3721 994 3773 unum,
1028 3700 1150 3782 qu0d42

89 3789 224 3848 cohortes
248 3806 286 3847 ex
308 3788 438 3848 statione
461 3798 490 3848 et
512 3788 662 3867 praesidio
687 3799 788 3848 essent
811 3788 954 3860 emissae,
984 3799 1106 3867 questus
1121 3804 1151 3841 40

89 3909 132 3918 -
164 3893 200 3934 ne
234 3873 355 3933 minimo
390 3874 506 3953 quidem
535 3871 607 3934 casu
635 3875 730 3935 locum
753 3874 882 3952 relinqui
905 3875 1042 3935 debuisse
1064 3912 1107 3921 -

91 3959 216 4023 multum
249 3960 401 4022 fortunam
423 3961 458 4034 ,in
484 3961 640 4040 repentino
663 3961 793 4022 hostium
818 3962 950 4024 adventu
972 3962 1108 4041 potuisse
