<?xml version="1.0" encoding="UTF-8"?>
<!DOCTYPE html PUBLIC "-//W3C//DTD XHTML 1.0 Transitional//EN"
    "http://www.w3.org/TR/xhtml1/DTD/xhtml1-transitional.dtd">
<html xmlns="http://www.w3.org/1999/xhtml" xml:lang="en" lang="en">
 <head>
  <title>
</title>
<meta http-equiv="Content-Type" content="text/html;charset=utf-8" />
  <meta name='ocr-system' content='tesseract 3.04.00' />
  <meta name='ocr-capabilities' content='ocr_page ocr_carea ocr_par ocr_line ocrx_word'/>
</head>
<body>
  <div class='ocr_page' id='page_1' title='image "./debellogallicol00friggoog_0172.png"; bbox 0 0 2616 4492; ppageno 0'>
   <div class='ocr_carea' id='block_1_1' title="bbox 409 294 1178 379">
    <p class='ocr_par' dir='ltr' id='par_1_1' title="bbox 409 294 1178 379">
     <span class='ocr_line' id='line_1_1' title="bbox 409 294 1178 379; baseline 0 -20"><span class='ocrx_word' id='word_1_1' title='bbox 409 294 780 360; x_wconf 47' lang='lat' dir='ltr'>mmmm</span> <span class='ocrx_word' id='word_1_2' title='bbox 1040 294 1178 379; x_wconf 47' lang='lat' dir='ltr'>ML</span> 
     </span>
    </p>
   </div>
   <div class='ocr_carea' id='block_1_2' title="bbox 83 447 1162 4067">
    <p class='ocr_par' dir='ltr' id='par_1_2' title="bbox 83 447 1128 876">
     <span class='ocr_line' id='line_1_2' title="bbox 83 447 1102 531; baseline -0.002 -17"><span class='ocrx_word' id='word_1_3' title='bbox 83 461 117 514; x_wconf 81' lang='lat' dir='ltr'>et</span> <span class='ocrx_word' id='word_1_4' title='bbox 139 450 311 512; x_wconf 76' lang='lat' dir='ltr'>dubitantes</span> <span class='ocrx_word' id='word_1_5' title='bbox 333 459 446 514; x_wconf 90' lang='lat' dir='ltr'>terrore</span> <span class='ocrx_word' id='word_1_6' title='bbox 468 453 508 514; x_wconf 89' lang='lat' dir='ltr'>ad</span> <span class='ocrx_word' id='word_1_7' title='bbox 530 451 716 514; x_wconf 80' lang='lat' dir='ltr'>condiciones</span> <span class='ocrx_word' id='word_1_8' title='bbox 730 450 814 531; x_wconf 88' lang='lat' dir='ltr'>pacis</span> <span class='ocrx_word' id='word_1_9' title='bbox 829 447 1005 512; x_wconf 84' lang='lat' dir='ltr'>adducebat</span> <span class='ocrx_word' id='word_1_10' title='bbox 1033 449 1102 512; x_wconf 89' lang='lat' dir='ltr'>Tali</span> 
     </span>
     <span class='ocr_line' id='line_1_3' title="bbox 83 536 1101 619; baseline -0.002 -19"><span class='ocrx_word' id='word_1_11' title='bbox 83 537 256 600; x_wconf 86' lang='lat' dir='ltr'>condicione</span> <span class='ocrx_word' id='word_1_12' title='bbox 277 538 434 617; x_wconf 90' lang='lat' dir='ltr'>proposita</span> <span class='ocrx_word' id='word_1_13' title='bbox 454 538 621 619; x_wconf 84' lang='lat' dir='ltr'>Bituriges,</span> <span class='ocrx_word' id='word_1_14' title='bbox 644 557 709 601; x_wconf 90' lang='lat' dir='ltr'>cnm</span> <span class='ocrx_word' id='word_1_15' title='bbox 732 538 791 599; x_wconf 89' lang='lat' dir='ltr'>sibi</span> <span class='ocrx_word' id='word_1_16' title='bbox 811 536 948 598; x_wconf 85' lang='lat' dir='ltr'>viderent</span> <span class='ocrx_word' id='word_1_17' title='bbox 969 536 1101 598; x_wconf 90' lang='lat' dir='ltr'>clemen-</span> 
     </span>
     <span class='ocr_line' id='line_1_4' title="bbox 83 622 1102 705; baseline -0.001 -19"><span class='ocrx_word' id='word_1_18' title='bbox 83 625 128 686; x_wconf 89' lang='lat' dir='ltr'>tia</span> <span class='ocrx_word' id='word_1_19' title='bbox 150 623 291 685; x_wconf 81' lang='lat' dir='ltr'>Caesaris</span> <span class='ocrx_word' id='word_1_20' title='bbox 312 624 440 685; x_wconf 89' lang='lat' dir='ltr'>reditum</span> <span class='ocrx_word' id='word_1_21' title='bbox 462 634 566 705; x_wconf 88' lang='lat' dir='ltr'>patere</span> <span class='ocrx_word' id='word_1_22' title='bbox 588 625 619 686; x_wconf 92' lang='lat' dir='ltr'>in</span> <span class='ocrx_word' id='word_1_23' title='bbox 639 626 703 686; x_wconf 91' lang='lat' dir='ltr'>eius</span> <span class='ocrx_word' id='word_1_24' title='bbox 719 623 882 686; x_wconf 86' lang='lat' dir='ltr'>amicitiam</span> <span class='ocrx_word' id='word_1_25' title='bbox 896 622 1102 702; x_wconf 81' lang='lat' dir='ltr'>finitimasque</span> 
     </span>
     <span class='ocr_line' id='line_1_5' title="bbox 84 709 1100 790; baseline -0.003 -18"><span class='ocrx_word' id='word_1_26' title='bbox 84 710 223 772; x_wconf 87' lang='lat' dir='ltr'>civitates</span> <span class='ocrx_word' id='word_1_27' title='bbox 251 709 316 771; x_wconf 91' lang='lat' dir='ltr'>sine</span> <span class='ocrx_word' id='word_1_28' title='bbox 342 710 405 772; x_wconf 90' lang='lat' dir='ltr'>ulla</span> <span class='ocrx_word' id='word_1_29' title='bbox 431 729 530 790; x_wconf 92' lang='lat' dir='ltr'>poena</span> <span class='ocrx_word' id='word_1_30' title='bbox 558 710 676 773; x_wconf 88' lang='lat' dir='ltr'>dedisse</span> <span class='ocrx_word' id='word_1_31' title='bbox 704 711 824 773; x_wconf 91' lang='lat' dir='ltr'>obsides</span> <span class='ocrx_word' id='word_1_32' title='bbox 847 719 937 790; x_wconf 89' lang='lat' dir='ltr'>atque</span> <span class='ocrx_word' id='word_1_33' title='bbox 958 709 990 770; x_wconf 93' lang='lat' dir='ltr'>in</span> <span class='ocrx_word' id='word_1_34' title='bbox 1012 709 1100 770; x_wconf 86' lang='lat' dir='ltr'>fidem</span> 
     </span>
     <span class='ocr_line' id='line_1_6' title="bbox 84 796 1128 876; baseline -0.009 -15"><span class='ocrx_word' id='word_1_35' title='bbox 84 805 221 876; x_wconf 77' lang='lat' dir='ltr'>receptas</span> <span class='ocrx_word' id='word_1_36' title='bbox 245 815 326 869; x_wconf 89' lang='lat' dir='ltr'>esse,</span> <span class='ocrx_word' id='word_1_37' title='bbox 349 796 428 857; x_wconf 92' lang='lat' dir='ltr'>idem</span> <span class='ocrx_word' id='word_1_38' title='bbox 450 798 592 860; x_wconf 87' lang='lat' dir='ltr'>iecerunt.</span> <span class='ocrx_word' id='word_1_39' title='bbox 1115 814 1128 852; x_wconf 79' lang='lat' dir='ltr'>a</span> 
     </span>
    </p>

    <p class='ocr_par' dir='ltr' id='par_1_3' title="bbox 83 878 1146 2082">
     <span class='ocr_line' id='line_1_7' title="bbox 150 878 1132 963; baseline -0.002 -19"><span class='ocrx_word' id='word_1_40' title='bbox 150 882 266 944; x_wconf 87' lang='lat' dir='ltr'>Caesar</span> <span class='ocrx_word' id='word_1_41' title='bbox 297 882 442 944; x_wconf 88' lang='lat' dir='ltr'>militibus</span> <span class='ocrx_word' id='word_1_42' title='bbox 469 902 525 963; x_wconf 92' lang='lat' dir='ltr'>pro</span> <span class='ocrx_word' id='word_1_43' title='bbox 551 886 646 945; x_wconf 88' lang='lat' dir='ltr'>tanto</span> <span class='ocrx_word' id='word_1_44' title='bbox 665 882 770 944; x_wconf 90' lang='lat' dir='ltr'>labore</span> <span class='ocrx_word' id='word_1_45' title='bbox 797 901 833 942; x_wconf 90' lang='lat' dir='ltr'>ac</span> <span class='ocrx_word' id='word_1_46' title='bbox 859 880 1021 960; x_wconf 89' lang='lat' dir='ltr'>patientia,</span> <span class='ocrx_word' id='word_1_47' title='bbox 1051 878 1132 962; x_wconf 74' lang='lat' dir='ltr'>quit</span> 
     </span>
     <span class='ocr_line' id='line_1_8' title="bbox 83 967 1102 1048; baseline -0.003 -18"><span class='ocrx_word' id='word_1_48' title='bbox 83 969 269 1030; x_wconf 87' lang='lat' dir='ltr'>brumalibus</span> <span class='ocrx_word' id='word_1_49' title='bbox 297 969 400 1030; x_wconf 92' lang='lat' dir='ltr'>diebus</span> <span class='ocrx_word' id='word_1_50' title='bbox 428 969 585 1032; x_wconf 87' lang='lat' dir='ltr'>itineribus</span> <span class='ocrx_word' id='word_1_51' title='bbox 613 967 809 1042; x_wconf 90' lang='lat' dir='ltr'>difficillimis,</span> <span class='ocrx_word' id='word_1_52' title='bbox 837 967 997 1048; x_wconf 85' lang='lat' dir='ltr'>frigoribus</span> <span class='ocrx_word' id='word_1_53' title='bbox 1019 967 1102 1028; x_wconf 86' lang='lat' dir='ltr'>into-</span> 
     </span>
     <span class='ocr_line' id='line_1_9' title="bbox 84 1053 1101 1136; baseline -0.002 -20"><span class='ocrx_word' id='word_1_54' title='bbox 84 1055 215 1117; x_wconf 91' lang='lat' dir='ltr'>lerandis</span> <span class='ocrx_word' id='word_1_55' title='bbox 248 1055 468 1117; x_wconf 87' lang='lat' dir='ltr'>studiosissime</span> <span class='ocrx_word' id='word_1_56' title='bbox 500 1062 730 1136; x_wconf 81' lang='lat' dir='ltr'>permanserant</span> <span class='ocrx_word' id='word_1_57' title='bbox 761 1055 792 1115; x_wconf 91' lang='lat' dir='ltr'>in</span> <span class='ocrx_word' id='word_1_58' title='bbox 819 1053 937 1128; x_wconf 90' lang='lat' dir='ltr'>labore,</span> <span class='ocrx_word' id='word_1_59' title='bbox 973 1055 1101 1115; x_wconf 89' lang='lat' dir='ltr'>ducenos</span> 
     </span>
     <span class='ocr_line' id='line_1_10' title="bbox 84 1140 1101 1220; baseline -0.002 -17"><span class='ocrx_word' id='word_1_60' title='bbox 84 1141 255 1214; x_wconf 86' lang='lat' dir='ltr'>sestertios,</span> <span class='ocrx_word' id='word_1_61' title='bbox 284 1143 508 1204; x_wconf 84' lang='lat' dir='ltr'>centurionibus</span> <span class='ocrx_word' id='word_1_62' title='bbox 535 1151 582 1205; x_wconf 90' lang='lat' dir='ltr'>tot</span> <span class='ocrx_word' id='word_1_63' title='bbox 608 1141 691 1204; x_wconf 91' lang='lat' dir='ltr'>milia</span> <span class='ocrx_word' id='word_1_64' title='bbox 713 1159 866 1202; x_wconf 90' lang='lat' dir='ltr'>nummum</span> <span class='ocrx_word' id='word_1_65' title='bbox 888 1140 1018 1220; x_wconf 80' lang='lat' dir='ltr'>praedae</span> <span class='ocrx_word' id='word_1_66' title='bbox 1043 1159 1101 1201; x_wconf 94' lang='lat' dir='ltr'>no-</span> 
     </span>
     <span class='ocr_line' id='line_1_11' title="bbox 84 1227 1145 1310; baseline -0.007 -22"><span class='ocrx_word' id='word_1_67' title='bbox 84 1229 164 1289; x_wconf 89' lang='lat' dir='ltr'>mine</span> <span class='ocrx_word' id='word_1_68' title='bbox 196 1229 367 1290; x_wconf 88' lang='lat' dir='ltr'>condonata</span> <span class='ocrx_word' id='word_1_69' title='bbox 395 1228 560 1308; x_wconf 86' lang='lat' dir='ltr'>pollicetur,</span> <span class='ocrx_word' id='word_1_70' title='bbox 594 1228 818 1310; x_wconf 85' lang='lat' dir='ltr'>legionibusque</span> <span class='ocrx_word' id='word_1_71' title='bbox 844 1227 875 1287; x_wconf 94' lang='lat' dir='ltr'>in</span> <span class='ocrx_word' id='word_1_72' title='bbox 903 1227 1030 1288; x_wconf 88' lang='lat' dir='ltr'>hiberna</span> <span class='ocrx_word' id='word_1_73' title='bbox 1051 1246 1101 1288; x_wconf 90' lang='lat' dir='ltr'>re-</span> <span class='ocrx_word' id='word_1_74' title='bbox 1121 1244 1145 1282; x_wconf 88' lang='lat' dir='ltr'>ro</span> 
     </span>
     <span class='ocr_line' id='line_1_12' title="bbox 83 1313 1101 1397; baseline -0.001 -22"><span class='ocrx_word' id='word_1_75' title='bbox 83 1314 185 1375; x_wconf 89' lang='lat' dir='ltr'>missis</span> <span class='ocrx_word' id='word_1_76' title='bbox 212 1314 277 1393; x_wconf 89' lang='lat' dir='ltr'>ipse</span> <span class='ocrx_word' id='word_1_77' title='bbox 305 1335 337 1374; x_wconf 93' lang='lat' dir='ltr'>se</span> <span class='ocrx_word' id='word_1_78' title='bbox 365 1314 470 1394; x_wconf 86' lang='lat' dir='ltr'>recipit</span> <span class='ocrx_word' id='word_1_79' title='bbox 497 1316 550 1397; x_wconf 73' lang='lat' dir='ltr'>die}</span> <span class='ocrx_word' id='word_1_80' title='bbox 571 1331 677 1376; x_wconf 83' lang='lat' dir='ltr'><strong>xxxx</strong></span> <span class='ocrx_word' id='word_1_81' title='bbox 698 1314 847 1375; x_wconf 85' lang='lat' dir='ltr'>Bibracte.</span> <span class='ocrx_word' id='word_1_82' title='bbox 891 1313 939 1374; x_wconf 92' lang='lat' dir='ltr'>Ibi</span> <span class='ocrx_word' id='word_1_83' title='bbox 965 1332 1031 1373; x_wconf 90' lang='lat' dir='ltr'>cum</span> <span class='ocrx_word' id='word_1_84' title='bbox 1054 1313 1101 1374; x_wconf 92' lang='lat' dir='ltr'>ius</span> 
     </span>
     <span class='ocr_line' id='line_1_13' title="bbox 84 1399 1102 1482; baseline -0.002 -21"><span class='ocrx_word' id='word_1_85' title='bbox 84 1400 209 1473; x_wconf 87' lang='lat' dir='ltr'>diceret,</span> <span class='ocrx_word' id='word_1_86' title='bbox 237 1400 387 1480; x_wconf 87' lang='lat' dir='ltr'>Bituriges</span> <span class='ocrx_word' id='word_1_87' title='bbox 415 1402 455 1462; x_wconf 91' lang='lat' dir='ltr'>ad</span> <span class='ocrx_word' id='word_1_88' title='bbox 482 1421 549 1462; x_wconf 91' lang='lat' dir='ltr'>eum</span> <span class='ocrx_word' id='word_1_89' title='bbox 570 1401 686 1482; x_wconf 79' lang='lat' dir='ltr'>legatos</span> <span class='ocrx_word' id='word_1_90' title='bbox 708 1401 833 1461; x_wconf 91' lang='lat' dir='ltr'>mittunt</span> <span class='ocrx_word' id='word_1_91' title='bbox 855 1399 998 1460; x_wconf 90' lang='lat' dir='ltr'>auxilium</span> <span class='ocrx_word' id='word_1_92' title='bbox 1020 1399 1102 1478; x_wconf 87' lang='lat' dir='ltr'>peti-</span> 
     </span>
     <span class='ocr_line' id='line_1_14' title="bbox 83 1484 1102 1568; baseline 0 -22"><span class='ocrx_word' id='word_1_93' title='bbox 83 1496 147 1547; x_wconf 90' lang='lat' dir='ltr'>tum</span> <span class='ocrx_word' id='word_1_94' title='bbox 180 1496 285 1547; x_wconf 91' lang='lat' dir='ltr'>contra</span> <span class='ocrx_word' id='word_1_95' title='bbox 311 1485 474 1559; x_wconf 83' lang='lat' dir='ltr'>Carnutes,</span> <span class='ocrx_word' id='word_1_96' title='bbox 509 1507 583 1568; x_wconf 92' lang='lat' dir='ltr'>quos</span> <span class='ocrx_word' id='word_1_97' title='bbox 610 1485 748 1549; x_wconf 89' lang='lat' dir='ltr'>intulisse</span> <span class='ocrx_word' id='word_1_98' title='bbox 775 1484 886 1546; x_wconf 88' lang='lat' dir='ltr'>bellum</span> <span class='ocrx_word' id='word_1_99' title='bbox 913 1485 971 1546; x_wconf 91' lang='lat' dir='ltr'>sibi</span> <span class='ocrx_word' id='word_1_100' title='bbox 993 1503 1102 1564; x_wconf 91' lang='lat' dir='ltr'>quere-</span> 
     </span>
     <span class='ocr_line' id='line_1_15' title="bbox 83 1569 1102 1652; baseline -0.002 -20"><span class='ocrx_word' id='word_1_101' title='bbox 83 1573 203 1634; x_wconf 88' lang='lat' dir='ltr'>bantur.</span> <span class='ocrx_word' id='word_1_102' title='bbox 248 1569 318 1641; x_wconf 81' lang='lat' dir='ltr'>Qua</span> <span class='ocrx_word' id='word_1_103' title='bbox 340 1592 372 1632; x_wconf 89' lang='lat' dir='ltr'>re</span> <span class='ocrx_word' id='word_1_104' title='bbox 394 1573 513 1652; x_wconf 88' lang='lat' dir='ltr'>cognita</span> <span class='ocrx_word' id='word_1_105' title='bbox 534 1593 601 1637; x_wconf 92' lang='lat' dir='ltr'>cum</span> <span class='ocrx_word' id='word_1_106' title='bbox 624 1573 687 1634; x_wconf 91' lang='lat' dir='ltr'>dies</span> <span class='ocrx_word' id='word_1_107' title='bbox 710 1590 770 1633; x_wconf 92' lang='lat' dir='ltr'>non</span> <span class='ocrx_word' id='word_1_108' title='bbox 793 1571 920 1651; x_wconf 91' lang='lat' dir='ltr'>amplius</span> <span class='ocrx_word' id='word_1_109' title='bbox 943 1587 968 1631; x_wconf 95' lang='lat' dir='ltr'><strong>x</strong></span> <span class='ocrx_word' id='word_1_110' title='bbox 990 1578 1020 1630; x_wconf 92' lang='lat' dir='ltr'>et</span> <span class='ocrx_word' id='word_1_111' title='bbox 1034 1587 1102 1631; x_wconf 85' lang='lat' dir='ltr'>vm</span> 
     </span>
     <span class='ocr_line' id='line_1_16' title="bbox 83 1658 1146 1740; baseline -0.008 -18"><span class='ocrx_word' id='word_1_112' title='bbox 83 1658 116 1723; x_wconf 88' lang='lat' dir='ltr'>in</span> <span class='ocrx_word' id='word_1_113' title='bbox 147 1659 279 1719; x_wconf 90' lang='lat' dir='ltr'>hibernis</span> <span class='ocrx_word' id='word_1_114' title='bbox 308 1667 390 1718; x_wconf 88' lang='lat' dir='ltr'>esset</span> <span class='ocrx_word' id='word_1_115' title='bbox 416 1667 566 1732; x_wconf 90' lang='lat' dir='ltr'>moratus,</span> <span class='ocrx_word' id='word_1_116' title='bbox 600 1658 730 1740; x_wconf 87' lang='lat' dir='ltr'>legiones</span> <span class='ocrx_word' id='word_1_117' title='bbox 757 1672 838 1718; x_wconf 87' lang='lat' dir='ltr'>xnn</span> <span class='ocrx_word' id='word_1_118' title='bbox 867 1665 898 1717; x_wconf 92' lang='lat' dir='ltr'>et</span> <span class='ocrx_word' id='word_1_119' title='bbox 924 1665 1041 1717; x_wconf 87' lang='lat' dir='ltr'>sextam</span> <span class='ocrx_word' id='word_1_120' title='bbox 1064 1675 1103 1718; x_wconf 86' lang='lat' dir='ltr'>ex</span> <span class='ocrx_word' id='word_1_121' title='bbox 1121 1675 1146 1714; x_wconf 81' lang='lat' dir='ltr'>rs</span> 
     </span>
     <span class='ocr_line' id='line_1_17' title="bbox 83 1742 1102 1825; baseline 0 -21"><span class='ocrx_word' id='word_1_122' title='bbox 83 1743 217 1805; x_wconf 88' lang='lat' dir='ltr'>hibernis</span> <span class='ocrx_word' id='word_1_123' title='bbox 240 1744 278 1804; x_wconf 90' lang='lat' dir='ltr'>ab</span> <span class='ocrx_word' id='word_1_124' title='bbox 300 1742 401 1805; x_wconf 90' lang='lat' dir='ltr'>Arare</span> <span class='ocrx_word' id='word_1_125' title='bbox 424 1745 536 1816; x_wconf 89' lang='lat' dir='ltr'>educit,</span> <span class='ocrx_word' id='word_1_126' title='bbox 560 1764 635 1825; x_wconf 91' lang='lat' dir='ltr'>quas</span> <span class='ocrx_word' id='word_1_127' title='bbox 657 1743 699 1805; x_wconf 91' lang='lat' dir='ltr'>ibi</span> <span class='ocrx_word' id='word_1_128' title='bbox 718 1742 890 1823; x_wconf 88' lang='lat' dir='ltr'>conlocatas</span> <span class='ocrx_word' id='word_1_129' title='bbox 907 1742 1102 1822; x_wconf 86' lang='lat' dir='ltr'>explicandae</span> 
     </span>
     <span class='ocr_line' id='line_1_18' title="bbox 84 1828 1102 1910; baseline -0.001 -19"><span class='ocrx_word' id='word_1_130' title='bbox 84 1830 128 1891; x_wconf 89' lang='lat' dir='ltr'>rei</span> <span class='ocrx_word' id='word_1_131' title='bbox 154 1830 368 1891; x_wconf 79' lang='lat' dir='ltr'>frumentariae</span> <span class='ocrx_word' id='word_1_132' title='bbox 390 1849 482 1891; x_wconf 92' lang='lat' dir='ltr'>causa</span> <span class='ocrx_word' id='word_1_133' title='bbox 504 1831 655 1910; x_wconf 87' lang='lat' dir='ltr'>superiore</span> <span class='ocrx_word' id='word_1_134' title='bbox 678 1828 889 1889; x_wconf 89' lang='lat' dir='ltr'>commentario</span> <span class='ocrx_word' id='word_1_135' title='bbox 911 1829 1102 1890; x_wconf 86' lang='lat' dir='ltr'>demonstra-</span> 
     </span>
     <span class='ocr_line' id='line_1_19' title="bbox 84 1915 1102 1997; baseline 0.003 -22"><span class='ocrx_word' id='word_1_136' title='bbox 84 1924 150 1975; x_wconf 91' lang='lat' dir='ltr'>tum</span> <span class='ocrx_word' id='word_1_137' title='bbox 183 1923 238 1976; x_wconf 73' lang='lat' dir='ltr'>est.</span> <span class='ocrx_word' id='word_1_138' title='bbox 287 1916 336 1977; x_wconf 91' lang='lat' dir='ltr'>Ita</span> <span class='ocrx_word' id='word_1_139' title='bbox 368 1935 434 1977; x_wconf 91' lang='lat' dir='ltr'>cum</span> <span class='ocrx_word' id='word_1_140' title='bbox 468 1917 584 1979; x_wconf 90' lang='lat' dir='ltr'>duabus</span> <span class='ocrx_word' id='word_1_141' title='bbox 617 1915 783 1997; x_wconf 88' lang='lat' dir='ltr'>legionibus</span> <span class='ocrx_word' id='word_1_142' title='bbox 812 1917 852 1977; x_wconf 90' lang='lat' dir='ltr'>ad</span> <span class='ocrx_word' id='word_1_143' title='bbox 878 1916 1102 1996; x_wconf 86' lang='lat' dir='ltr'>persequendos</span> 
     </span>
     <span class='ocr_line' id='line_1_20' title="bbox 84 2001 465 2082; baseline 0.003 -18"><span class='ocrx_word' id='word_1_144' title='bbox 84 2001 234 2064; x_wconf 81' lang='lat' dir='ltr'>Carnutes</span> <span class='ocrx_word' id='word_1_145' title='bbox 259 2002 465 2082; x_wconf 84' lang='lat' dir='ltr'>proficiscitur.</span> 
     </span>
    </p>

    <p class='ocr_par' dir='ltr' id='par_1_4' title="bbox 84 2087 1162 3616">
     <span class='ocr_line' id='line_1_21' title="bbox 149 2087 1134 2169; baseline -0.002 -19"><span class='ocrx_word' id='word_1_146' title='bbox 149 2088 225 2150; x_wconf 88' lang='lat' dir='ltr'>Cum</span> <span class='ocrx_word' id='word_1_147' title='bbox 252 2090 334 2151; x_wconf 90' lang='lat' dir='ltr'>fama</span> <span class='ocrx_word' id='word_1_148' title='bbox 356 2089 502 2151; x_wconf 89' lang='lat' dir='ltr'>exercitus</span> <span class='ocrx_word' id='word_1_149' title='bbox 525 2091 564 2151; x_wconf 93' lang='lat' dir='ltr'>ad</span> <span class='ocrx_word' id='word_1_150' title='bbox 586 2090 690 2150; x_wconf 92' lang='lat' dir='ltr'>hostes</span> <span class='ocrx_word' id='word_1_151' title='bbox 713 2097 794 2149; x_wconf 90' lang='lat' dir='ltr'>esset</span> <span class='ocrx_word' id='word_1_152' title='bbox 815 2088 947 2169; x_wconf 89' lang='lat' dir='ltr'>perlata,</span> <span class='ocrx_word' id='word_1_153' title='bbox 975 2087 1134 2148; x_wconf 76' lang='lat' dir='ltr'>calami-e</span> 
     </span>
     <span class='ocr_line' id='line_1_22' title="bbox 84 2173 1140 2253; baseline 0.005 -17"><span class='ocrx_word' id='word_1_154' title='bbox 84 2182 150 2236; x_wconf 91' lang='lat' dir='ltr'>tate</span> <span class='ocrx_word' id='word_1_155' title='bbox 183 2185 350 2237; x_wconf 87' lang='lat' dir='ltr'>ceterorum</span> <span class='ocrx_word' id='word_1_156' title='bbox 378 2175 458 2237; x_wconf 90' lang='lat' dir='ltr'>ducti</span> <span class='ocrx_word' id='word_1_157' title='bbox 485 2175 633 2238; x_wconf 88' lang='lat' dir='ltr'>Carnutes</span> <span class='ocrx_word' id='word_1_158' title='bbox 661 2174 790 2238; x_wconf 91' lang='lat' dir='ltr'>desertis</span> <span class='ocrx_word' id='word_1_159' title='bbox 812 2175 886 2236; x_wconf 90' lang='lat' dir='ltr'>vicis</span> <span class='ocrx_word' id='word_1_160' title='bbox 910 2173 1101 2253; x_wconf 84' lang='lat' dir='ltr'>oppidisque,</span> <span class='ocrx_word' id='word_1_161' title='bbox 1116 2202 1140 2240; x_wconf 67' lang='grc' dir='ltr'>αι</span> 
     </span>
     <span class='ocr_line' id='line_1_23' title="bbox 84 2259 1162 2341; baseline 0 -19"><span class='ocrx_word' id='word_1_162' title='bbox 84 2280 162 2341; x_wconf 87' lang='lat' dir='ltr'>quae</span> <span class='ocrx_word' id='word_1_163' title='bbox 194 2261 369 2323; x_wconf 88' lang='lat' dir='ltr'>tolerandae</span> <span class='ocrx_word' id='word_1_164' title='bbox 395 2261 503 2324; x_wconf 90' lang='lat' dir='ltr'>hiemis</span> <span class='ocrx_word' id='word_1_165' title='bbox 532 2281 625 2324; x_wconf 87' lang='lat' dir='ltr'>causa</span> <span class='ocrx_word' id='word_1_166' title='bbox 651 2260 822 2324; x_wconf 92' lang='lat' dir='ltr'>constitutis</span> <span class='ocrx_word' id='word_1_167' title='bbox 845 2269 967 2340; x_wconf 88' lang='lat' dir='ltr'>repente</span> <span class='ocrx_word' id='word_1_168' title='bbox 990 2259 1103 2340; x_wconf 87' lang='lat' dir='ltr'>exiguis</span> <span class='ocrx_word' id='word_1_169' title='bbox 1161 2328 1162 2331; x_wconf 8' lang='grc' dir='ltr'><strong>Ἴ</strong></span> 
     </span>
     <span class='ocr_line' id='line_1_24' title="bbox 87 2346 1104 2427; baseline -0.001 -18"><span class='ocrx_word' id='word_1_170' title='bbox 87 2349 127 2409; x_wconf 93' lang='lat' dir='ltr'>ad</span> <span class='ocrx_word' id='word_1_171' title='bbox 154 2349 365 2410; x_wconf 88' lang='lat' dir='ltr'>necessitatem</span> <span class='ocrx_word' id='word_1_172' title='bbox 393 2348 536 2411; x_wconf 86' lang='lat' dir='ltr'>aedificiis</span> <span class='ocrx_word' id='word_1_173' title='bbox 564 2349 737 2411; x_wconf 89' lang='lat' dir='ltr'>incolebant</span> <span class='ocrx_word' id='word_1_174' title='bbox 762 2384 805 2395; x_wconf 91' lang='lat'>—</span> <span class='ocrx_word' id='word_1_175' title='bbox 827 2367 922 2427; x_wconf 87' lang='lat' dir='ltr'>nuper</span> <span class='ocrx_word' id='word_1_176' title='bbox 944 2346 1022 2407; x_wconf 91' lang='lat' dir='ltr'>enim</span> <span class='ocrx_word' id='word_1_177' title='bbox 1048 2347 1104 2408; x_wconf 90' lang='lat' dir='ltr'>de-</span> 
     </span>
     <span class='ocr_line' id='line_1_25' title="bbox 84 2432 1103 2515; baseline -0.001 -20"><span class='ocrx_word' id='word_1_178' title='bbox 84 2434 157 2495; x_wconf 82' lang='lat' dir='ltr'>victi</span> <span class='ocrx_word' id='word_1_179' title='bbox 179 2435 333 2515; x_wconf 88' lang='lat' dir='ltr'>complura</span> <span class='ocrx_word' id='word_1_180' title='bbox 354 2435 466 2515; x_wconf 90' lang='lat' dir='ltr'>oppida</span> <span class='ocrx_word' id='word_1_181' title='bbox 487 2436 677 2509; x_wconf 86' lang='lat' dir='ltr'>dimiserant,</span> <span class='ocrx_word' id='word_1_182' title='bbox 704 2469 747 2481; x_wconf 93' lang='lat'>-</span> <span class='ocrx_word' id='word_1_183' title='bbox 774 2432 902 2514; x_wconf 90' lang='lat' dir='ltr'>dispersi</span> <span class='ocrx_word' id='word_1_184' title='bbox 922 2432 1103 2513; x_wconf 81' lang='lat' dir='ltr'>profugiunt</span> 
     </span>
     <span class='ocr_line' id='line_1_26' title="bbox 85 2520 1148 2602; baseline -0.002 -21"><span class='ocrx_word' id='word_1_185' title='bbox 85 2520 201 2582; x_wconf 90' lang='lat' dir='ltr'>Caesar</span> <span class='ocrx_word' id='word_1_186' title='bbox 223 2530 413 2601; x_wconf 87' lang='lat' dir='ltr'>erumpentes</span> <span class='ocrx_word' id='word_1_187' title='bbox 435 2542 470 2584; x_wconf 93' lang='lat' dir='ltr'>eo</span> <span class='ocrx_word' id='word_1_188' title='bbox 493 2523 623 2584; x_wconf 90' lang='lat' dir='ltr'>maxime</span> <span class='ocrx_word' id='word_1_189' title='bbox 644 2531 779 2602; x_wconf 89' lang='lat' dir='ltr'>tempore</span> <span class='ocrx_word' id='word_1_190' title='bbox 802 2520 963 2582; x_wconf 89' lang='lat' dir='ltr'>acerrimas</span> <span class='ocrx_word' id='word_1_191' title='bbox 987 2528 1104 2598; x_wconf 88' lang='lat' dir='ltr'>tempe·</span> <span class='ocrx_word' id='word_1_192' title='bbox 1120 2538 1148 2578; x_wconf 76' lang='lat' dir='ltr'>rs</span> 
     </span>
     <span class='ocr_line' id='line_1_27' title="bbox 85 2604 1105 2687; baseline 0 -20"><span class='ocrx_word' id='word_1_193' title='bbox 85 2613 182 2669; x_wconf 86' lang='lat' dir='ltr'>states</span> <span class='ocrx_word' id='word_1_194' title='bbox 205 2627 272 2668; x_wconf 92' lang='lat' dir='ltr'>cum</span> <span class='ocrx_word' id='word_1_195' title='bbox 295 2608 395 2669; x_wconf 91' lang='lat' dir='ltr'>subire</span> <span class='ocrx_word' id='word_1_196' title='bbox 417 2609 528 2670; x_wconf 88' lang='lat' dir='ltr'>milites</span> <span class='ocrx_word' id='word_1_197' title='bbox 549 2609 657 2683; x_wconf 91' lang='lat' dir='ltr'>nollet,</span> <span class='ocrx_word' id='word_1_198' title='bbox 680 2608 712 2670; x_wconf 92' lang='lat' dir='ltr'>in</span> <span class='ocrx_word' id='word_1_199' title='bbox 732 2606 1023 2687; x_wconf 85' lang='lat' dir='ltr'>oppido&#39;Carnutum</span> <span class='ocrx_word' id='word_1_200' title='bbox 1039 2604 1105 2667; x_wconf 88' lang='lat' dir='ltr'>Ge-</span> 
     </span>
     <span class='ocr_line' id='line_1_28' title="bbox 85 2692 1105 2775; baseline 0 -23"><span class='ocrx_word' id='word_1_201' title='bbox 85 2694 164 2753; x_wconf 90' lang='lat' dir='ltr'>nabo</span> <span class='ocrx_word' id='word_1_202' title='bbox 192 2703 292 2754; x_wconf 90' lang='lat' dir='ltr'>castra</span> <span class='ocrx_word' id='word_1_203' title='bbox 318 2695 405 2772; x_wconf 91' lang='lat' dir='ltr'>ponit</span> <span class='ocrx_word' id='word_1_204' title='bbox 427 2704 517 2775; x_wconf 89' lang='lat' dir='ltr'>atque</span> <span class='ocrx_word' id='word_1_205' title='bbox 539 2695 571 2755; x_wconf 90' lang='lat' dir='ltr'>in</span> <span class='ocrx_word' id='word_1_206' title='bbox 592 2703 675 2757; x_wconf 89' lang='lat' dir='ltr'>tecta</span> <span class='ocrx_word' id='word_1_207' title='bbox 696 2695 807 2775; x_wconf 88' lang='lat' dir='ltr'>partim</span> <span class='ocrx_word' id='word_1_208' title='bbox 829 2692 1002 2764; x_wconf 89' lang='lat' dir='ltr'>Gallorum,</span> <span class='ocrx_word' id='word_1_209' title='bbox 1031 2710 1105 2770; x_wconf 90' lang='lat' dir='ltr'>par·</span> 
     </span>
     <span class='ocr_line' id='line_1_29' title="bbox 87 2776 1105 2857; baseline 0 -19"><span class='ocrx_word' id='word_1_210' title='bbox 87 2778 140 2839; x_wconf 90' lang='lat' dir='ltr'>tim</span> <span class='ocrx_word' id='word_1_211' title='bbox 174 2798 250 2857; x_wconf 91' lang='lat' dir='ltr'>quae</span> <span class='ocrx_word' id='word_1_212' title='bbox 279 2779 419 2840; x_wconf 91' lang='lat' dir='ltr'>coniectis</span> <span class='ocrx_word' id='word_1_213' title='bbox 446 2776 582 2842; x_wconf 85' lang='lat' dir='ltr'>eelerit&#39;er</span> <span class='ocrx_word' id='word_1_214' title='bbox 609 2781 784 2842; x_wconf 90' lang='lat' dir='ltr'>stramentis</span> <span class='ocrx_word' id='word_1_215' title='bbox 806 2779 1003 2841; x_wconf 90' lang='lat' dir='ltr'>tentoriorum</span> <span class='ocrx_word' id='word_1_216' title='bbox 1025 2777 1105 2838; x_wconf 91' lang='lat' dir='ltr'>inte-</span> 
     </span>
     <span class='ocr_line' id='line_1_30' title="bbox 87 2863 1104 2950; baseline -0.001 -26"><span class='ocrx_word' id='word_1_217' title='bbox 87 2864 252 2944; x_wconf 80' lang='lat' dir='ltr'>gendorum</span> <span class='ocrx_word' id='word_1_218' title='bbox 275 2865 371 2944; x_wconf 91' lang='lat' dir='ltr'>gratia</span> <span class='ocrx_word' id='word_1_219' title='bbox 387 2873 473 2927; x_wconf 88' lang='lat' dir='ltr'>erant</span> <span class='ocrx_word' id='word_1_220' title='bbox 486 2865 693 2939; x_wconf 87' lang='lat' dir='ltr'>inaedificata,</span> <span class='ocrx_word' id='word_1_221' title='bbox 716 2865 827 2927; x_wconf 90' lang='lat' dir='ltr'>milites</span> <span class='ocrx_word' id='word_1_222' title='bbox 842 2864 977 2950; x_wconf 57' lang='lat' dir='ltr'>cordedie</span> <span class='ocrx_word' id='word_1_223' title='bbox 1005 2863 1104 2943; x_wconf 83' lang='lat' dir='ltr'>Equi-</span> 
     </span>
     <span class='ocr_line' id='line_1_31' title="bbox 86 2949 1149 3031; baseline -0.002 -21"><span class='ocrx_word' id='word_1_224' title='bbox 86 2960 133 3010; x_wconf 92' lang='lat' dir='ltr'>tes</span> <span class='ocrx_word' id='word_1_225' title='bbox 165 2957 268 3011; x_wconf 89' lang='lat' dir='ltr'>tamen</span> <span class='ocrx_word' id='word_1_226' title='bbox 296 2957 327 3010; x_wconf 91' lang='lat' dir='ltr'>et</span> <span class='ocrx_word' id='word_1_227' title='bbox 353 2950 526 3011; x_wconf 90' lang='lat' dir='ltr'>auxiliarios</span> <span class='ocrx_word' id='word_1_228' title='bbox 553 2952 670 3031; x_wconf 84' lang='lat' dir='ltr'>pedites</span> <span class='ocrx_word' id='word_1_229' title='bbox 691 2951 724 3012; x_wconf 93' lang='lat' dir='ltr'>in</span> <span class='ocrx_word' id='word_1_230' title='bbox 746 2969 848 3012; x_wconf 88' lang='lat' dir='ltr'>omnes</span> <span class='ocrx_word' id='word_1_231' title='bbox 870 2960 972 3031; x_wconf 90' lang='lat' dir='ltr'>partes</span> <span class='ocrx_word' id='word_1_232' title='bbox 995 2949 1103 3023; x_wconf 88' lang='lat' dir='ltr'>mittit,</span> <span class='ocrx_word' id='word_1_233' title='bbox 1122 2970 1149 3008; x_wconf 78' lang='lat' dir='ltr'>ao</span> 
     </span>
     <span class='ocr_line' id='line_1_32' title="bbox 88 3034 1105 3117; baseline 0.001 -22"><span class='ocrx_word' id='word_1_234' title='bbox 88 3054 291 3117; x_wconf 91' lang='lat' dir='ltr'>quascumque</span> <span class='ocrx_word' id='word_1_235' title='bbox 317 3034 431 3115; x_wconf 87' lang='lat' dir='ltr'>petisse</span> <span class='ocrx_word' id='word_1_236' title='bbox 454 3036 629 3098; x_wconf 88' lang='lat' dir='ltr'>dicebantur</span> <span class='ocrx_word' id='word_1_237' title='bbox 649 3038 768 3110; x_wconf 87' lang='lat' dir='ltr'>hostes3</span> <span class='ocrx_word' id='word_1_238' title='bbox 797 3055 852 3098; x_wconf 88' lang='lat' dir='ltr'>nec</span> <span class='ocrx_word' id='word_1_239' title='bbox 872 3039 999 3098; x_wconf 88' lang='lat' dir='ltr'>fmstra:</span> <span class='ocrx_word' id='word_1_240' title='bbox 1034 3053 1105 3096; x_wconf 90' lang='lat' dir='ltr'>nam</span> 
     </span>
     <span class='ocr_line' id='line_1_33' title="bbox 88 3119 1105 3203; baseline -0.001 -21"><span class='ocrx_word' id='word_1_241' title='bbox 88 3122 262 3203; x_wconf 91' lang='lat' dir='ltr'>plerumque</span> <span class='ocrx_word' id='word_1_242' title='bbox 289 3141 398 3202; x_wconf 89' lang='lat' dir='ltr'>magna</span> <span class='ocrx_word' id='word_1_243' title='bbox 424 3122 537 3203; x_wconf 87' lang='lat' dir='ltr'>praeda</span> <span class='ocrx_word' id='word_1_244' title='bbox 563 3123 651 3202; x_wconf 90' lang='lat' dir='ltr'>potiti</span> <span class='ocrx_word' id='word_1_245' title='bbox 673 3123 771 3185; x_wconf 90' lang='lat' dir='ltr'>nostri</span> <span class='ocrx_word' id='word_1_246' title='bbox 791 3130 992 3184; x_wconf 88' lang='lat' dir='ltr'>revertuntur.</span> <span class='ocrx_word' id='word_1_247' title='bbox 1037 3119 1105 3200; x_wconf 92' lang='lat' dir='ltr'>Op-</span> 
     </span>
     <span class='ocr_line' id='line_1_34' title="bbox 87 3206 1106 3295; baseline -0.004 -25"><span class='ocrx_word' id='word_1_248' title='bbox 87 3208 186 3289; x_wconf 90' lang='lat' dir='ltr'>pressi</span> <span class='ocrx_word' id='word_1_249' title='bbox 214 3207 362 3270; x_wconf 91' lang='lat' dir='ltr'>Carnutes</span> <span class='ocrx_word' id='word_1_250' title='bbox 384 3208 491 3270; x_wconf 91' lang='lat' dir='ltr'>hiemis</span> <span class='ocrx_word' id='word_1_251' title='bbox 514 3208 704 3295; x_wconf 84' lang='lat' dir='ltr'>difficultate,</span> <span class='ocrx_word' id='word_1_252' title='bbox 733 3218 848 3270; x_wconf 90' lang='lat' dir='ltr'>terrore</span> <span class='ocrx_word' id='word_1_253' title='bbox 869 3206 1009 3289; x_wconf 90' lang='lat' dir='ltr'>periculi,</span> <span class='ocrx_word' id='word_1_254' title='bbox 1038 3224 1106 3266; x_wconf 90' lang='lat' dir='ltr'>cum</span> 
     </span>
     <span class='ocr_line' id='line_1_35' title="bbox 87 3293 1107 3376; baseline -0.004 -20"><span class='ocrx_word' id='word_1_255' title='bbox 87 3296 176 3356; x_wconf 90' lang='lat' dir='ltr'>tectis</span> <span class='ocrx_word' id='word_1_256' title='bbox 210 3294 327 3376; x_wconf 89' lang='lat' dir='ltr'>expulsi</span> <span class='ocrx_word' id='word_1_257' title='bbox 363 3295 444 3357; x_wconf 93' lang='lat' dir='ltr'>nullo</span> <span class='ocrx_word' id='word_1_258' title='bbox 471 3295 536 3357; x_wconf 91' lang='lat' dir='ltr'>loco</span> <span class='ocrx_word' id='word_1_259' title='bbox 564 3293 675 3355; x_wconf 89' lang='lat' dir='ltr'>diutins</span> <span class='ocrx_word' id='word_1_260' title='bbox 698 3295 862 3357; x_wconf 89' lang='lat' dir='ltr'>consistere</span> <span class='ocrx_word' id='word_1_261' title='bbox 884 3295 1029 3355; x_wconf 88' lang='lat' dir='ltr'>auderent</span> <span class='ocrx_word' id='word_1_262' title='bbox 1050 3310 1107 3353; x_wconf 89' lang='lat' dir='ltr'>nec</span> 
     </span>
     <span class='ocr_line' id='line_1_36' title="bbox 88 3379 1151 3462; baseline -0.004 -18"><span class='ocrx_word' id='word_1_263' title='bbox 88 3381 233 3444; x_wconf 88' lang='lat' dir='ltr'>silvarum</span> <span class='ocrx_word' id='word_1_264' title='bbox 261 3381 413 3462; x_wconf 87' lang='lat' dir='ltr'>praesidio</span> <span class='ocrx_word' id='word_1_265' title='bbox 440 3380 671 3462; x_wconf 89' lang='lat' dir='ltr'>tempestatibus</span> <span class='ocrx_word' id='word_1_266' title='bbox 694 3381 863 3443; x_wconf 90' lang='lat' dir='ltr'>durissimis</span> <span class='ocrx_word' id='word_1_267' title='bbox 885 3379 944 3458; x_wconf 83' lang='lat' dir='ltr'>tegi</span> <span class='ocrx_word' id='word_1_268' title='bbox 965 3385 1106 3458; x_wconf 88' lang='lat' dir='ltr'>possent,</span> <span class='ocrx_word' id='word_1_269' title='bbox 1122 3398 1151 3440; x_wconf 82' lang='lat' dir='ltr'>aa</span> 
     </span>
     <span class='ocr_line' id='line_1_37' title="bbox 87 3463 1107 3549; baseline -0.005 -20"><span class='ocrx_word' id='word_1_270' title='bbox 87 3468 216 3548; x_wconf 87' lang='lat' dir='ltr'>dispersi</span> <span class='ocrx_word' id='word_1_271' title='bbox 244 3469 355 3549; x_wconf 89' lang='lat' dir='ltr'>magna</span> <span class='ocrx_word' id='word_1_272' title='bbox 381 3477 468 3549; x_wconf 90' lang='lat' dir='ltr'>parte</span> <span class='ocrx_word' id='word_1_273' title='bbox 495 3467 608 3530; x_wconf 87' lang='lat' dir='ltr'>amissa</span> <span class='ocrx_word' id='word_1_274' title='bbox 630 3487 751 3529; x_wconf 91' lang='lat' dir='ltr'>suorum</span> <span class='ocrx_word' id='word_1_275' title='bbox 774 3468 959 3548; x_wconf 88' lang='lat' dir='ltr'>dissipantur</span> <span class='ocrx_word' id='word_1_276' title='bbox 981 3465 1014 3526; x_wconf 94' lang='lat' dir='ltr'>in</span> <span class='ocrx_word' id='word_1_277' title='bbox 1036 3463 1107 3525; x_wconf 89' lang='lat' dir='ltr'>lini-</span> 
     </span>
     <span class='ocr_line' id='line_1_38' title="bbox 88 3554 351 3616; baseline 0 0"><span class='ocrx_word' id='word_1_278' title='bbox 88 3555 180 3616; x_wconf 91' lang='lat' dir='ltr'>timas</span> <span class='ocrx_word' id='word_1_279' title='bbox 204 3554 351 3616; x_wconf 87' lang='lat' dir='ltr'>civitates.</span> 
     </span>
    </p>

    <p class='ocr_par' dir='ltr' id='par_1_5' title="bbox 90 3637 1152 4067">
     <span class='ocr_line' id='line_1_39' title="bbox 155 3637 1137 3720; baseline -0.002 -18"><span class='ocrx_word' id='word_1_280' title='bbox 155 3640 270 3702; x_wconf 89' lang='lat' dir='ltr'>Caesar</span> <span class='ocrx_word' id='word_1_281' title='bbox 301 3649 435 3720; x_wconf 89' lang='lat' dir='ltr'>tempore</span> <span class='ocrx_word' id='word_1_282' title='bbox 469 3638 540 3700; x_wconf 92' lang='lat' dir='ltr'>anni</span> <span class='ocrx_word' id='word_1_283' title='bbox 574 3637 745 3700; x_wconf 88' lang='lat' dir='ltr'>difficillimo</span> <span class='ocrx_word' id='word_1_284' title='bbox 779 3658 846 3700; x_wconf 91' lang='lat' dir='ltr'>cum</span> <span class='ocrx_word' id='word_1_285' title='bbox 879 3639 954 3700; x_wconf 87' lang='lat' dir='ltr'>satis</span> <span class='ocrx_word' id='word_1_286' title='bbox 981 3638 1137 3700; x_wconf 83' lang='lat' dir='ltr'>haberets</span> 
     </span>
     <span class='ocr_line' id='line_1_40' title="bbox 91 3724 1108 3805; baseline -0.002 -17"><span class='ocrx_word' id='word_1_287' title='bbox 91 3726 301 3789; x_wconf 90' lang='lat' dir='ltr'>convenientes</span> <span class='ocrx_word' id='word_1_288' title='bbox 324 3746 430 3788; x_wconf 91' lang='lat' dir='ltr'>manns</span> <span class='ocrx_word' id='word_1_289' title='bbox 454 3724 617 3805; x_wconf 90' lang='lat' dir='ltr'>dissipare,</span> <span class='ocrx_word' id='word_1_290' title='bbox 652 3744 689 3785; x_wconf 91' lang='lat' dir='ltr'>ne</span> <span class='ocrx_word' id='word_1_291' title='bbox 718 3727 796 3804; x_wconf 92' lang='lat' dir='ltr'>qnod</span> <span class='ocrx_word' id='word_1_292' title='bbox 817 3725 933 3786; x_wconf 90' lang='lat' dir='ltr'>initium</span> <span class='ocrx_word' id='word_1_293' title='bbox 956 3725 1027 3787; x_wconf 92' lang='lat' dir='ltr'>belli</span> <span class='ocrx_word' id='word_1_294' title='bbox 1049 3743 1108 3786; x_wconf 88' lang='lat' dir='ltr'>na-</span> 
     </span>
     <span class='ocr_line' id='line_1_41' title="bbox 91 3812 1152 3893; baseline -0.001 -20"><span class='ocrx_word' id='word_1_295' title='bbox 91 3822 230 3885; x_wconf 88' lang='lat' dir='ltr'>sceretur,</span> <span class='ocrx_word' id='word_1_296' title='bbox 253 3822 455 3893; x_wconf 87' lang='lat' dir='ltr'>quantumque</span> <span class='ocrx_word' id='word_1_297' title='bbox 477 3812 508 3873; x_wconf 91' lang='lat' dir='ltr'>in</span> <span class='ocrx_word' id='word_1_298' title='bbox 527 3813 645 3874; x_wconf 87' lang='lat' dir='ltr'>ratione</span> <span class='ocrx_word' id='word_1_299' title='bbox 660 3821 753 3887; x_wconf 90' lang='lat' dir='ltr'>esset,</span> <span class='ocrx_word' id='word_1_300' title='bbox 778 3813 967 3892; x_wconf 87' lang='lat' dir='ltr'>exploratum</span> <span class='ocrx_word' id='word_1_301' title='bbox 981 3812 1109 3873; x_wconf 89' lang='lat' dir='ltr'>haberet</span> <span class='ocrx_word' id='word_1_302' title='bbox 1123 3832 1152 3872; x_wconf 74' lang='lat' dir='ltr'>so</span> 
     </span>
     <span class='ocr_line' id='line_1_42' title="bbox 91 3897 1108 3979; baseline 0 -20"><span class='ocrx_word' id='word_1_303' title='bbox 91 3898 147 3959; x_wconf 92' lang='lat' dir='ltr'>sub</span> <span class='ocrx_word' id='word_1_304' title='bbox 180 3908 297 3979; x_wconf 90' lang='lat' dir='ltr'>tempus</span> <span class='ocrx_word' id='word_1_305' title='bbox 331 3899 514 3961; x_wconf 88' lang='lat' dir='ltr'>aestivorum</span> <span class='ocrx_word' id='word_1_306' title='bbox 548 3898 660 3959; x_wconf 90' lang='lat' dir='ltr'>nullum</span> <span class='ocrx_word' id='word_1_307' title='bbox 695 3918 841 3960; x_wconf 90' lang='lat' dir='ltr'>summum</span> <span class='ocrx_word' id='word_1_308' title='bbox 874 3897 984 3960; x_wconf 90' lang='lat' dir='ltr'>bellum</span> <span class='ocrx_word' id='word_1_309' title='bbox 1017 3917 1108 3979; x_wconf 92' lang='lat' dir='ltr'>posse</span> 
     </span>
     <span class='ocr_line' id='line_1_43' title="bbox 90 3984 1106 4067; baseline 0 -21"><span class='ocrx_word' id='word_1_310' title='bbox 90 3985 228 4058; x_wconf 84' lang='lat' dir='ltr'>conflari,</span> <span class='ocrx_word' id='word_1_311' title='bbox 251 3984 362 4047; x_wconf 87' lang='lat' dir='ltr'>Gaium</span> <span class='ocrx_word' id='word_1_312' title='bbox 385 3985 569 4048; x_wconf 85' lang='lat' dir='ltr'>Trebonium</span> <span class='ocrx_word' id='word_1_313' title='bbox 592 4005 659 4046; x_wconf 92' lang='lat' dir='ltr'>cnm</span> <span class='ocrx_word' id='word_1_314' title='bbox 681 3986 798 4048; x_wconf 87' lang='lat' dir='ltr'>duabus</span> <span class='ocrx_word' id='word_1_315' title='bbox 820 3985 1002 4067; x_wconf 89' lang='lat' dir='ltr'>legionibus,</span> <span class='ocrx_word' id='word_1_316' title='bbox 1031 4000 1106 4066; x_wconf 85' lang='lat' dir='ltr'>quas</span> 
     </span>
    </p>
   </div>
   <div class='ocr_carea' id='block_1_3' title="bbox 0 0 1318 4492">
    <p class='ocr_par' dir='ltr' id='par_1_6' title="bbox 0 0 1318 4492">
     <span class='ocr_line' id='line_1_44' title="bbox 0 0 1318 4492; baseline 0 0"><span class='ocrx_word' id='word_1_317' title='bbox 0 0 1318 4492; x_wconf 95' lang='lat' dir='ltr'> </span> 
     </span>
    </p>
   </div>
  </div>
 </body>
</html>
