<?xml version="1.0" encoding="UTF-8"?>
<!DOCTYPE html PUBLIC "-//W3C//DTD XHTML 1.0 Transitional//EN"
    "http://www.w3.org/TR/xhtml1/DTD/xhtml1-transitional.dtd">
<html xmlns="http://www.w3.org/1999/xhtml" xml:lang="en" lang="en">
 <head>
  <title>
</title>
<meta http-equiv="Content-Type" content="text/html;charset=utf-8" />
  <meta name='ocr-system' content='tesseract 3.04.00' />
  <meta name='ocr-capabilities' content='ocr_page ocr_carea ocr_par ocr_line ocrx_word'/>
</head>
<body>
  <div class='ocr_page' id='page_1' title='image "./debellogallicol00friggoog/debellogallicol00friggoog_0072.png"; bbox 0 0 2616 4492; ppageno 0'>
   <div class='ocr_carea' id='block_1_1' title="bbox 383 274 1086 341">
    <p class='ocr_par' dir='ltr' id='par_1_1' title="bbox 383 274 1086 341">
     <span class='ocr_line' id='line_1_1' title="bbox 383 274 1086 341; baseline 0 -1"><span class='ocrx_word' id='word_1_1' title='bbox 383 293 453 340; x_wconf 83' lang='lat' dir='ltr'><strong>urs.</strong></span> <span class='ocrx_word' id='word_1_2' title='bbox 468 292 517 341; x_wconf 89' lang='lat'>111.</span> <span class='ocrx_word' id='word_1_3' title='bbox 541 291 618 340; x_wconf 76' lang='lat' dir='ltr'><strong>car.</strong></span> <span class='ocrx_word' id='word_1_4' title='bbox 636 276 771 340; x_wconf 83' lang='lat'>18-23.</span> <span class='ocrx_word' id='word_1_5' title='bbox 1042 274 1086 340; x_wconf 81' lang='lat' dir='ltr'><strong>te</strong></span> 
     </span>
    </p>
   </div>
   <div class='ocr_carea' id='block_1_2' title="bbox 62 429 1178 3957">
    <p class='ocr_par' dir='ltr' id='par_1_2' title="bbox 62 429 1178 3524">
     <span class='ocr_line' id='line_1_2' title="bbox 64 429 1085 514; baseline -0.001 -19"><span class='ocrx_word' id='word_1_6' title='bbox 64 451 143 514; x_wconf 86' lang='lat' dir='ltr'>qnae</span> <span class='ocrx_word' id='word_1_7' title='bbox 165 440 237 493; x_wconf 90' lang='lat' dir='ltr'><strong>suut</strong></span> <span class='ocrx_word' id='word_1_8' title='bbox 258 431 397 495; x_wconf 83' lang='lat' dir='ltr'><strong>civitates</strong></span> <span class='ocrx_word' id='word_1_9' title='bbox 419 431 540 495; x_wconf 87' lang='lat' dir='ltr'><strong>Galliae</strong></span> <span class='ocrx_word' id='word_1_10' title='bbox 561 431 732 513; x_wconf 86' lang='lat' dir='ltr'><strong>provinciae</strong></span> <span class='ocrx_word' id='word_1_11' title='bbox 753 429 900 505; x_wconf 85' lang='lat' dir='ltr'><strong>finitimae</strong></span> <span class='ocrx_word' id='word_1_12' title='bbox 921 429 969 493; x_wconf 89' lang='lat' dir='ltr'><strong>his</strong></span> <span class='ocrx_word' id='word_1_13' title='bbox 984 432 1085 512; x_wconf 64' lang='lat' dir='ltr'><strong>regio·</strong></span> 
     </span>
     <span class='ocr_line' id='line_1_3' title="bbox 64 517 1086 592; baseline 0.001 -12"><span class='ocrx_word' id='word_1_14' title='bbox 64 520 168 592; x_wconf 90' lang='lat' dir='ltr'><strong>nibus,</strong></span> <span class='ocrx_word' id='word_1_15' title='bbox 202 518 381 581; x_wconf 90' lang='lat' dir='ltr'><strong>nominatim</strong></span> <span class='ocrx_word' id='word_1_16' title='bbox 408 520 541 581; x_wconf 85' lang='lat' dir='ltr'><strong>evocatis</strong></span> <span class='ocrx_word' id='word_1_17' title='bbox 567 519 600 580; x_wconf 94' lang='lat' dir='ltr'><strong>in</strong></span> <span class='ocrx_word' id='word_1_18' title='bbox 628 517 801 581; x_wconf 89' lang='lat' dir='ltr'><strong>Sentiatum</strong></span> <span class='ocrx_word' id='word_1_19' title='bbox 823 517 899 579; x_wconf 89' lang='lat' dir='ltr'><strong>fines</strong></span> <span class='ocrx_word' id='word_1_20' title='bbox 922 517 1086 581; x_wconf 86' lang='lat' dir='ltr'><strong>exercitum</strong></span> 
     </span>
     <span class='ocr_line' id='line_1_4' title="bbox 62 602 1086 686; baseline -0.002 -18"><span class='ocrx_word' id='word_1_21' title='bbox 62 604 239 668; x_wconf 84' lang='lat' dir='ltr'><strong>introduxit.</strong></span> <span class='ocrx_word' id='word_1_22' title='bbox 288 604 380 667; x_wconf 87' lang='lat' dir='ltr'><strong>Cuius</strong></span> <span class='ocrx_word' id='word_1_23' title='bbox 408 607 542 667; x_wconf 87' lang='lat' dir='ltr'><strong>adventu</strong></span> <span class='ocrx_word' id='word_1_24' title='bbox 568 604 686 686; x_wconf 81' lang='lat' dir='ltr'><strong>cognito</strong></span> <span class='ocrx_word' id='word_1_25' title='bbox 715 602 871 666; x_wconf 86' lang='lat' dir='ltr'><strong>Sentiates</strong></span> <span class='ocrx_word' id='word_1_26' title='bbox 893 604 1011 684; x_wconf 81' lang='lat' dir='ltr'><strong>maguis</strong></span> <span class='ocrx_word' id='word_1_27' title='bbox 1033 622 1086 666; x_wconf 88' lang='lat' dir='ltr'><strong>oo-</strong></span> 
     </span>
     <span class='ocr_line' id='line_1_5' title="bbox 63 689 1085 792; baseline 0 -40"><span class='ocrx_word' id='word_1_28' title='bbox 63 691 122 772; x_wconf 91' lang='lat' dir='ltr'><strong>piis</strong></span> <span class='ocrx_word' id='word_1_29' title='bbox 146 691 259 753; x_wconf 78' lang='lat' dir='ltr'>coactis</span> <span class='ocrx_word' id='word_1_30' title='bbox 282 691 491 772; x_wconf 87' lang='lat' dir='ltr'><strong>equitatuque,</strong></span> <span class='ocrx_word' id='word_1_31' title='bbox 527 709 585 772; x_wconf 93' lang='lat' dir='ltr'><strong>quo</strong></span> <span class='ocrx_word' id='word_1_32' title='bbox 607 690 766 792; x_wconf 83' lang='lat' dir='ltr'><strong>plurimum</strong></span> <span class='ocrx_word' id='word_1_33' title='bbox 788 689 948 764; x_wconf 87' lang='lat' dir='ltr'><strong>valebant,</strong></span> <span class='ocrx_word' id='word_1_34' title='bbox 976 689 1009 752; x_wconf 90' lang='lat' dir='ltr'><strong>in</strong></span> <span class='ocrx_word' id='word_1_35' title='bbox 1030 689 1085 752; x_wconf 90' lang='lat' dir='ltr'><strong>iti·</strong></span> 
     </span>
     <span class='ocr_line' id='line_1_6' title="bbox 64 776 1114 877; baseline 0 -39"><span class='ocrx_word' id='word_1_36' title='bbox 64 796 136 839; x_wconf 91' lang='lat' dir='ltr'>nere</span> <span class='ocrx_word' id='word_1_37' title='bbox 168 797 275 857; x_wconf 84' lang='lat' dir='ltr'><strong>agmen</strong></span> <span class='ocrx_word' id='word_1_38' title='bbox 308 786 444 839; x_wconf 89' lang='lat' dir='ltr'><strong>nostrum</strong></span> <span class='ocrx_word' id='word_1_39' title='bbox 477 778 575 839; x_wconf 88' lang='lat' dir='ltr'><strong>adorti</strong></span> <span class='ocrx_word' id='word_1_40' title='bbox 607 776 736 857; x_wconf 90' lang='lat' dir='ltr'><strong>primum</strong></span> <span class='ocrx_word' id='word_1_41' title='bbox 769 784 909 856; x_wconf 75' lang='lat' dir='ltr'>equestre</span> <span class='ocrx_word' id='word_1_42' title='bbox 940 776 1114 877; x_wconf 71' lang='lat' dir='ltr'><strong>proeliums</strong></span> 
     </span>
     <span class='ocr_line' id='line_1_7' title="bbox 64 861 1086 958; baseline -0.001 -32"><span class='ocrx_word' id='word_1_43' title='bbox 64 863 292 958; x_wconf 89' lang='lat' dir='ltr'><strong>commisemnt,</strong></span> <span class='ocrx_word' id='word_1_44' title='bbox 316 864 424 925; x_wconf 90' lang='lat' dir='ltr'><strong>deinde</strong></span> <span class='ocrx_word' id='word_1_45' title='bbox 447 863 580 944; x_wconf 86' lang='lat' dir='ltr'><strong>equitatu</strong></span> <span class='ocrx_word' id='word_1_46' title='bbox 602 881 657 926; x_wconf 90' lang='lat' dir='ltr'><strong>suo</strong></span> <span class='ocrx_word' id='word_1_47' title='bbox 678 861 765 943; x_wconf 92' lang='lat' dir='ltr'><strong>pulso</strong></span> <span class='ocrx_word' id='word_1_48' title='bbox 788 870 878 943; x_wconf 86' lang='lat' dir='ltr'><strong>atque</strong></span> <span class='ocrx_word' id='word_1_49' title='bbox 899 861 1086 945; x_wconf 89' lang='lat' dir='ltr'><strong>insequenti-</strong></span> 
     </span>
     <span class='ocr_line' id='line_1_8' title="bbox 64 931 1178 1030; baseline -0.001 -19"><span class='ocrx_word' id='word_1_50' title='bbox 64 951 123 1011; x_wconf 85' lang='lat' dir='ltr'><strong>bus</strong></span> <span class='ocrx_word' id='word_1_51' title='bbox 157 931 270 1011; x_wconf 70' lang='lat' dir='ltr'><strong>nbstris</strong></span> <span class='ocrx_word' id='word_1_52' title='bbox 299 949 398 1012; x_wconf 89' lang='lat' dir='ltr'><strong>subito</strong></span> <span class='ocrx_word' id='word_1_53' title='bbox 421 951 576 1030; x_wconf 85' lang='lat' dir='ltr'>pedestres</span> <span class='ocrx_word' id='word_1_54' title='bbox 599 948 717 1030; x_wconf 89' lang='lat' dir='ltr'><strong>copias,</strong></span> <span class='ocrx_word' id='word_1_55' title='bbox 745 947 875 1028; x_wconf 87' lang='lat' dir='ltr'><strong>quasin</strong></span> <span class='ocrx_word' id='word_1_56' title='bbox 897 948 1033 1011; x_wconf 80' lang='lat' dir='ltr'><strong>convalle</strong></span> <span class='ocrx_word' id='word_1_57' title='bbox 1054 948 1087 1010; x_wconf 80' lang='lat' dir='ltr'><strong>iii</strong></span> <span class='ocrx_word' id='word_1_58' title='bbox 1175 950 1178 956; x_wconf 88' lang='lat'>&#39;</span> 
     </span>
     <span class='ocr_line' id='line_1_9' title="bbox 64 1033 1086 1111; baseline 0 -14"><span class='ocrx_word' id='word_1_59' title='bbox 64 1035 184 1097; x_wconf 84' lang='lat' dir='ltr'><strong>insidiis</strong></span> <span class='ocrx_word' id='word_1_60' title='bbox 212 1036 455 1111; x_wconf 85' lang='lat' dir='ltr'><strong>conlocaverant,</strong></span> <span class='ocrx_word' id='word_1_61' title='bbox 485 1037 692 1098; x_wconf 85' lang='lat' dir='ltr'><strong>ostenderunt.</strong></span> <span class='ocrx_word' id='word_1_62' title='bbox 742 1033 770 1095; x_wconf 92' lang='lat' dir='ltr'><strong>Ii</strong></span> <span class='ocrx_word' id='word_1_63' title='bbox 796 1043 915 1097; x_wconf 90' lang='lat' dir='ltr'><strong>nostros</strong></span> <span class='ocrx_word' id='word_1_64' title='bbox 944 1035 1086 1098; x_wconf 88' lang='lat' dir='ltr'><strong>disiectos</strong></span> 
     </span>
     <span class='ocr_line' id='line_1_10' title="bbox 66 1120 1127 1203; baseline -0.001 -20"><span class='ocrx_word' id='word_1_65' title='bbox 66 1122 166 1184; x_wconf 87' lang='lat' dir='ltr'><strong>adorti</strong></span> <span class='ocrx_word' id='word_1_66' title='bbox 198 1122 347 1203; x_wconf 90' lang='lat' dir='ltr'><strong>proelium</strong></span> <span class='ocrx_word' id='word_1_67' title='bbox 379 1131 573 1184; x_wconf 83' lang='lat' dir='ltr'>renovarunt.</span> <span class='ocrx_word' id='word_1_68' title='bbox 628 1121 800 1203; x_wconf 77' lang='lat' dir='ltr'><strong>Pugnatum</strong></span> <span class='ocrx_word' id='word_1_69' title='bbox 833 1128 881 1183; x_wconf 87' lang='lat' dir='ltr'><strong>est</strong></span> <span class='ocrx_word' id='word_1_70' title='bbox 913 1120 964 1184; x_wconf 91' lang='lat' dir='ltr'><strong>din</strong></span> <span class='ocrx_word' id='word_1_71' title='bbox 997 1129 1087 1203; x_wconf 86' lang='lat' dir='ltr'><strong>atque</strong></span> <span class='ocrx_word' id='word_1_72' title='bbox 1096 1132 1127 1183; x_wconf 83' lang='lat'><strong>21</strong></span> 
     </span>
     <span class='ocr_line' id='line_1_11' title="bbox 66 1206 1129 1289; baseline 0 -19"><span class='ocrx_word' id='word_1_73' title='bbox 66 1208 186 1282; x_wconf 89' lang='lat' dir='ltr'><strong>acriter,</strong></span> <span class='ocrx_word' id='word_1_74' title='bbox 220 1228 286 1270; x_wconf 91' lang='lat' dir='ltr'><strong>cum</strong></span> <span class='ocrx_word' id='word_1_75' title='bbox 314 1207 482 1271; x_wconf 88' lang='lat' dir='ltr'><strong>Sontiates·</strong></span> <span class='ocrx_word' id='word_1_76' title='bbox 498 1208 703 1289; x_wconf 89' lang='lat' dir='ltr'><strong>superioribus</strong></span> <span class='ocrx_word' id='word_1_77' title='bbox 730 1206 864 1269; x_wconf 84' lang='lat' dir='ltr'><strong>victoriis</strong></span> <span class='ocrx_word' id='word_1_78' title='bbox 885 1207 955 1269; x_wconf 80' lang='lat' dir='ltr'><strong>freti</strong></span> <span class='ocrx_word' id='word_1_79' title='bbox 975 1207 1009 1269; x_wconf 92' lang='lat' dir='ltr'><strong>in</strong></span> <span class='ocrx_word' id='word_1_80' title='bbox 1030 1226 1088 1270; x_wconf 88' lang='lat' dir='ltr'><strong>sua</strong></span> <span class='ocrx_word' id='word_1_81' title='bbox 1101 1237 1129 1277; x_wconf 79' lang='grc' dir='ltr'><strong>ιο</strong></span> 
     </span>
     <span class='ocr_line' id='line_1_12' title="bbox 66 1293 1087 1375; baseline -0.001 -20"><span class='ocrx_word' id='word_1_82' title='bbox 66 1294 179 1356; x_wconf 88' lang='lat' dir='ltr'><strong>virtute</strong></span> <span class='ocrx_word' id='word_1_83' title='bbox 206 1295 300 1358; x_wconf 91' lang='lat' dir='ltr'><strong>totius</strong></span> <span class='ocrx_word' id='word_1_84' title='bbox 322 1293 509 1375; x_wconf 88' lang='lat' dir='ltr'><strong>Aquitaniae</strong></span> <span class='ocrx_word' id='word_1_85' title='bbox 532 1294 662 1357; x_wconf 90' lang='lat' dir='ltr'><strong>salntem</strong></span> <span class='ocrx_word' id='word_1_86' title='bbox 684 1293 815 1374; x_wconf 78' lang='lat' dir='ltr'><strong>positam</strong></span> <span class='ocrx_word' id='word_1_87' title='bbox 837 1302 994 1373; x_wconf 90' lang='lat' dir='ltr'><strong>putarent,</strong></span> <span class='ocrx_word' id='word_1_88' title='bbox 1029 1312 1087 1355; x_wconf 94' lang='lat' dir='ltr'><strong>no-</strong></span> 
     </span>
     <span class='ocr_line' id='line_1_13' title="bbox 67 1378 1087 1463; baseline -0.002 -21"><span class='ocrx_word' id='word_1_89' title='bbox 67 1381 123 1443; x_wconf 87' lang='lat' dir='ltr'><strong>stri</strong></span> <span class='ocrx_word' id='word_1_90' title='bbox 146 1390 262 1456; x_wconf 91' lang='lat' dir='ltr'><strong>autem‚</strong></span> <span class='ocrx_word' id='word_1_91' title='bbox 291 1381 362 1463; x_wconf 89' lang='lat' dir='ltr'><strong>quid</strong></span> <span class='ocrx_word' id='word_1_92' title='bbox 384 1381 450 1443; x_wconf 85' lang='lat' dir='ltr'><strong>sine</strong></span> <span class='ocrx_word' id='word_1_93' title='bbox 471 1381 654 1460; x_wconf 81' lang='lat' dir='ltr'>imperatore</span> <span class='ocrx_word' id='word_1_94' title='bbox 677 1389 708 1441; x_wconf 91' lang='lat' dir='ltr'><strong>et</strong></span> <span class='ocrx_word' id='word_1_95' title='bbox 729 1379 795 1440; x_wconf 90' lang='lat' dir='ltr'><strong>sine</strong></span> <span class='ocrx_word' id='word_1_96' title='bbox 816 1378 937 1459; x_wconf 89' lang='lat' dir='ltr'><strong>reliquis</strong></span> <span class='ocrx_word' id='word_1_97' title='bbox 960 1379 1087 1460; x_wconf 86' lang='lat' dir='ltr'><strong>legioni-</strong></span> 
     </span>
     <span class='ocr_line' id='line_1_14' title="bbox 66 1465 1086 1546; baseline -0.002 -17"><span class='ocrx_word' id='word_1_98' title='bbox 66 1466 123 1529; x_wconf 91' lang='lat' dir='ltr'><strong>bus</strong></span> <span class='ocrx_word' id='word_1_99' title='bbox 145 1467 370 1529; x_wconf 89' lang='lat' dir='ltr'><strong>adolescentuio</strong></span> <span class='ocrx_word' id='word_1_100' title='bbox 393 1469 466 1529; x_wconf 89' lang='lat' dir='ltr'><strong>duce</strong></span> <span class='ocrx_word' id='word_1_101' title='bbox 488 1469 603 1528; x_wconf 86' lang='lat' dir='ltr'>efficere</span> <span class='ocrx_word' id='word_1_102' title='bbox 624 1474 764 1546; x_wconf 89' lang='lat' dir='ltr'><strong>possent,</strong></span> <span class='ocrx_word' id='word_1_103' title='bbox 786 1465 915 1545; x_wconf 81' lang='lat' dir='ltr'><strong>perspici</strong></span> <span class='ocrx_word' id='word_1_104' title='bbox 930 1473 1086 1544; x_wconf 83' lang='lat' dir='ltr'><strong>cuperent:</strong></span> 
     </span>
     <span class='ocr_line' id='line_1_15' title="bbox 66 1549 1088 1632; baseline -0.001 -18"><span class='ocrx_word' id='word_1_105' title='bbox 66 1561 168 1614; x_wconf 89' lang='lat' dir='ltr'>temen</span> <span class='ocrx_word' id='word_1_106' title='bbox 196 1553 322 1614; x_wconf 82' lang='lat' dir='ltr'><strong>confecti</strong></span> <span class='ocrx_word' id='word_1_107' title='bbox 348 1553 522 1615; x_wconf 89' lang='lat' dir='ltr'><strong>vulneribus</strong></span> <span class='ocrx_word' id='word_1_108' title='bbox 544 1553 649 1614; x_wconf 88' lang='lat' dir='ltr'><strong>hostes</strong></span> <span class='ocrx_word' id='word_1_109' title='bbox 671 1561 757 1632; x_wconf 86' lang='lat' dir='ltr'><strong>terga</strong></span> <span class='ocrx_word' id='word_1_110' title='bbox 778 1561 906 1612; x_wconf 89' lang='lat' dir='ltr'>vertere.</span> <span class='ocrx_word' id='word_1_111' title='bbox 951 1549 1088 1620; x_wconf 78' lang='lat' dir='ltr'><strong>Quomm</strong></span> 
     </span>
     <span class='ocr_line' id='line_1_16' title="bbox 67 1636 1129 1720; baseline -0.001 -20"><span class='ocrx_word' id='word_1_112' title='bbox 67 1658 175 1720; x_wconf 86' lang='lat' dir='ltr'><strong>magno</strong></span> <span class='ocrx_word' id='word_1_113' title='bbox 199 1658 322 1700; x_wconf 91' lang='lat' dir='ltr'><strong>numero</strong></span> <span class='ocrx_word' id='word_1_114' title='bbox 343 1638 499 1700; x_wconf 87' lang='lat' dir='ltr'><strong>interiecto</strong></span> <span class='ocrx_word' id='word_1_115' title='bbox 522 1637 652 1700; x_wconf 82' lang='lat' dir='ltr'><strong>Crassus</strong></span> <span class='ocrx_word' id='word_1_116' title='bbox 675 1657 713 1699; x_wconf 85' lang='lat' dir='ltr'><strong>ex</strong></span> <span class='ocrx_word' id='word_1_117' title='bbox 726 1637 834 1699; x_wconf 91' lang='lat' dir='ltr'><strong>itinere</strong></span> <span class='ocrx_word' id='word_1_118' title='bbox 849 1637 992 1716; x_wconf 92' lang='lat' dir='ltr'><strong>oppidum</strong></span> <span class='ocrx_word' id='word_1_119' title='bbox 1007 1636 1129 1705; x_wconf 74' lang='lat' dir='ltr'><strong>Son-15</strong></span> 
     </span>
     <span class='ocr_line' id='line_1_17' title="bbox 68 1721 1088 1805; baseline 0.001 -20"><span class='ocrx_word' id='word_1_120' title='bbox 68 1725 178 1786; x_wconf 89' lang='lat' dir='ltr'><strong>tiatum</strong></span> <span class='ocrx_word' id='word_1_121' title='bbox 212 1744 383 1805; x_wconf 84' lang='lat' dir='ltr'><strong>oppugnare</strong></span> <span class='ocrx_word' id='word_1_122' title='bbox 415 1725 521 1804; x_wconf 87' lang='lat' dir='ltr'><strong>eoepit.</strong></span> <span class='ocrx_word' id='word_1_123' title='bbox 578 1721 695 1792; x_wconf 83' lang='lat' dir='ltr'><strong>Quibus</strong></span> <span class='ocrx_word' id='word_1_124' title='bbox 728 1723 845 1784; x_wconf 85' lang='lat' dir='ltr'><strong>fortiter</strong></span> <span class='ocrx_word' id='word_1_125' title='bbox 877 1722 1088 1786; x_wconf 89' lang='lat' dir='ltr'><strong>resistentibus</strong></span> 
     </span>
     <span class='ocr_line' id='line_1_18' title="bbox 67 1809 1089 1891; baseline 0.001 -21"><span class='ocrx_word' id='word_1_126' title='bbox 67 1811 174 1871; x_wconf 85' lang='lat' dir='ltr'><strong>vineas</strong></span> <span class='ocrx_word' id='word_1_127' title='bbox 196 1818 354 1890; x_wconf 91' lang='lat' dir='ltr'><strong>turresque</strong></span> <span class='ocrx_word' id='word_1_128' title='bbox 377 1810 444 1891; x_wconf 83' lang='lat' dir='ltr'><strong>egit</strong></span> <span class='ocrx_word' id='word_1_129' title='bbox 488 1810 537 1871; x_wconf 89' lang='lat' dir='ltr'><strong>Iili</strong></span> <span class='ocrx_word' id='word_1_130' title='bbox 560 1809 637 1870; x_wconf 87' lang='lat' dir='ltr'><strong>alias</strong></span> <span class='ocrx_word' id='word_1_131' title='bbox 654 1809 809 1888; x_wconf 88' lang='lat' dir='ltr'><strong>eruptione</strong></span> <span class='ocrx_word' id='word_1_132' title='bbox 823 1817 988 1888; x_wconf 89' lang='lat' dir='ltr'><strong>temptate,</strong></span> <span class='ocrx_word' id='word_1_133' title='bbox 1012 1809 1089 1873; x_wconf 85' lang='lat' dir='ltr'><strong>alias</strong></span> 
     </span>
     <span class='ocr_line' id='line_1_19' title="bbox 70 1893 1090 1978; baseline 0.001 -21"><span class='ocrx_word' id='word_1_134' title='bbox 70 1895 215 1957; x_wconf 88' lang='lat' dir='ltr'><strong>cuniculis</strong></span> <span class='ocrx_word' id='word_1_135' title='bbox 238 1897 278 1958; x_wconf 88' lang='lat' dir='ltr'><strong>ad</strong></span> <span class='ocrx_word' id='word_1_136' title='bbox 299 1915 437 1977; x_wconf 79' lang='lat' dir='ltr'>aggerem</span> <span class='ocrx_word' id='word_1_137' title='bbox 459 1897 624 1975; x_wconf 90' lang='lat' dir='ltr'><strong>vineasque</strong></span> <span class='ocrx_word' id='word_1_138' title='bbox 646 1895 721 1956; x_wconf 87' lang='lat' dir='ltr'><strong>actis</strong></span> <span class='ocrx_word' id='word_1_139' title='bbox 746 1893 847 1977; x_wconf 90' lang='lat' dir='ltr'><strong>(cuius</strong></span> <span class='ocrx_word' id='word_1_140' title='bbox 863 1894 905 1956; x_wconf 91' lang='lat' dir='ltr'><strong>rei</strong></span> <span class='ocrx_word' id='word_1_141' title='bbox 921 1895 1090 1978; x_wconf 78' lang='lat' dir='ltr'><strong>suntionge</strong></span> 
     </span>
     <span class='ocr_line' id='line_1_20' title="bbox 68 1981 1089 2063; baseline 0.003 -21"><span class='ocrx_word' id='word_1_142' title='bbox 68 1981 245 2062; x_wconf 88' lang='lat' dir='ltr'><strong>peritissimi</strong></span> <span class='ocrx_word' id='word_1_143' title='bbox 275 1981 441 2063; x_wconf 89' lang='lat' dir='ltr'><strong>Aquitani,</strong></span> <span class='ocrx_word' id='word_1_144' title='bbox 475 1991 636 2062; x_wconf 89' lang='lat' dir='ltr'><strong>propterea</strong></span> <span class='ocrx_word' id='word_1_145' title='bbox 663 1983 743 2061; x_wconf 92' lang='lat' dir='ltr'><strong>quod</strong></span> <span class='ocrx_word' id='word_1_146' title='bbox 769 1981 873 2043; x_wconf 90' lang='lat' dir='ltr'><strong>multis</strong></span> <span class='ocrx_word' id='word_1_147' title='bbox 902 1981 975 2044; x_wconf 87' lang='lat' dir='ltr'><strong>loeis</strong></span> <span class='ocrx_word' id='word_1_148' title='bbox 1009 1984 1089 2062; x_wconf 91' lang='lat' dir='ltr'><strong>apud</strong></span> 
     </span>
     <span class='ocr_line' id='line_1_21' title="bbox 70 2066 1133 2150; baseline 0.003 -22"><span class='ocrx_word' id='word_1_149' title='bbox 70 2087 123 2129; x_wconf 91' lang='lat' dir='ltr'><strong>eos</strong></span> <span class='ocrx_word' id='word_1_150' title='bbox 150 2067 286 2130; x_wconf 74' lang='lat' dir='ltr'><strong>aoranae</strong></span> <span class='ocrx_word' id='word_1_151' title='bbox 313 2077 507 2150; x_wconf 75' lang='lat' dir='ltr'>secturaeque</span> <span class='ocrx_word' id='word_1_152' title='bbox 535 2068 633 2150; x_wconf 90' lang='lat' dir='ltr'><strong>sunt),</strong></span> <span class='ocrx_word' id='word_1_153' title='bbox 667 2066 719 2129; x_wconf 92' lang='lat' dir='ltr'><strong>ubi</strong></span> <span class='ocrx_word' id='word_1_154' title='bbox 745 2067 898 2147; x_wconf 84' lang='lat' dir='ltr'><strong>diligentia</strong></span> <span class='ocrx_word' id='word_1_155' title='bbox 918 2076 1089 2131; x_wconf 91' lang='lat' dir='ltr'><strong>nostrorum</strong></span> <span class='ocrx_word' id='word_1_156' title='bbox 1102 2098 1133 2138; x_wconf 72' lang='grc' dir='ltr'><strong><em>ω</em></strong></span> 
     </span>
     <span class='ocr_line' id='line_1_22' title="bbox 69 2153 1089 2235; baseline 0.004 -21"><span class='ocrx_word' id='word_1_157' title='bbox 69 2153 144 2215; x_wconf 91' lang='lat' dir='ltr'><strong>nihil</strong></span> <span class='ocrx_word' id='word_1_158' title='bbox 159 2153 207 2216; x_wconf 89' lang='lat' dir='ltr'><strong>his</strong></span> <span class='ocrx_word' id='word_1_159' title='bbox 222 2154 312 2217; x_wconf 90' lang='lat' dir='ltr'><strong>rebus</strong></span> <span class='ocrx_word' id='word_1_160' title='bbox 326 2155 432 2234; x_wconf 88' lang='lat' dir='ltr'><strong>profici</strong></span> <span class='ocrx_word' id='word_1_161' title='bbox 448 2174 538 2235; x_wconf 91' lang='lat' dir='ltr'><strong>posse</strong></span> <span class='ocrx_word' id='word_1_162' title='bbox 556 2154 785 2227; x_wconf 84' lang='lat' dir='ltr'><strong>intellexerunt,</strong></span> <span class='ocrx_word' id='word_1_163' title='bbox 809 2154 924 2233; x_wconf 87' lang='lat' dir='ltr'><strong>legatos</strong></span> <span class='ocrx_word' id='word_1_164' title='bbox 941 2155 980 2217; x_wconf 90' lang='lat' dir='ltr'><strong>ad</strong></span> <span class='ocrx_word' id='word_1_165' title='bbox 993 2154 1089 2218; x_wconf 83' lang='lat' dir='ltr'><strong>Cras-</strong></span> 
     </span>
     <span class='ocr_line' id='line_1_23' title="bbox 69 2238 1091 2322; baseline 0.003 -20"><span class='ocrx_word' id='word_1_166' title='bbox 69 2259 135 2302; x_wconf 92' lang='lat' dir='ltr'><strong>sum</strong></span> <span class='ocrx_word' id='word_1_167' title='bbox 158 2240 283 2302; x_wconf 91' lang='lat' dir='ltr'><strong>mittunt</strong></span> <span class='ocrx_word' id='word_1_168' title='bbox 304 2260 395 2322; x_wconf 88' lang='lat' dir='ltr'>seque</span> <span class='ocrx_word' id='word_1_169' title='bbox 416 2241 448 2303; x_wconf 93' lang='lat' dir='ltr'><strong>in</strong></span> <span class='ocrx_word' id='word_1_170' title='bbox 471 2240 652 2303; x_wconf 88' lang='lat' dir='ltr'><strong>deditionem</strong></span> <span class='ocrx_word' id='word_1_171' title='bbox 669 2249 708 2302; x_wconf 50' lang='lat' dir='ltr'><strong>&gt;ut</strong></span> <span class='ocrx_word' id='word_1_172' title='bbox 729 2238 854 2320; x_wconf 89' lang='lat' dir='ltr'><strong>recipiat</strong></span> <span class='ocrx_word' id='word_1_173' title='bbox 875 2247 991 2320; x_wconf 90' lang='lat' dir='ltr'><strong>petunt.</strong></span> <span class='ocrx_word' id='word_1_174' title='bbox 1020 2238 1091 2312; x_wconf 82' lang='lat' dir='ltr'><strong>Qua</strong></span> 
     </span>
     <span class='ocr_line' id='line_1_24' title="bbox 69 2325 1134 2410; baseline 0.001 -21"><span class='ocrx_word' id='word_1_175' title='bbox 69 2346 103 2389; x_wconf 91' lang='lat' dir='ltr'><strong>re</strong></span> <span class='ocrx_word' id='word_1_176' title='bbox 130 2327 292 2406; x_wconf 86' lang='lat' dir='ltr'><strong>impetrata</strong></span> <span class='ocrx_word' id='word_1_177' title='bbox 320 2346 405 2389; x_wconf 89' lang='lat' dir='ltr'><strong>arma</strong></span> <span class='ocrx_word' id='word_1_178' title='bbox 437 2329 558 2389; x_wconf 86' lang='lat' dir='ltr'><strong>tradere</strong></span> <span class='ocrx_word' id='word_1_179' title='bbox 584 2327 661 2389; x_wconf 91' lang='lat' dir='ltr'><strong>iussi</strong></span> <span class='ocrx_word' id='word_1_180' title='bbox 687 2326 810 2388; x_wconf 80' lang='lat' dir='ltr'><strong>iaciunt.</strong></span> <span class='ocrx_word' id='word_1_181' title='bbox 860 2325 966 2408; x_wconf 83' lang='lat' dir='ltr'>Atque</span> <span class='ocrx_word' id='word_1_182' title='bbox 992 2327 1030 2410; x_wconf 85' lang='lat' dir='ltr'><strong>in·</strong></span> <span class='ocrx_word' id='word_1_183' title='bbox 1053 2326 1134 2397; x_wconf 75' lang='lat' dir='ltr'><strong>earu</strong></span> 
     </span>
     <span class='ocr_line' id='line_1_25' title="bbox 69 2412 1090 2496; baseline 0.002 -22"><span class='ocrx_word' id='word_1_184' title='bbox 69 2431 102 2475; x_wconf 91' lang='lat' dir='ltr'><strong>re</strong></span> <span class='ocrx_word' id='word_1_185' title='bbox 130 2413 262 2474; x_wconf 91' lang='lat' dir='ltr'><strong>omnium</strong></span> <span class='ocrx_word' id='word_1_186' title='bbox 283 2422 454 2477; x_wconf 90' lang='lat' dir='ltr'><strong>nostrorum</strong></span> <span class='ocrx_word' id='word_1_187' title='bbox 481 2413 606 2476; x_wconf 88' lang='lat' dir='ltr'><strong>intentis</strong></span> <span class='ocrx_word' id='word_1_188' title='bbox 635 2413 742 2474; x_wconf 92' lang='lat' dir='ltr'><strong>animis</strong></span> <span class='ocrx_word' id='word_1_189' title='bbox 770 2412 832 2475; x_wconf 87' lang='lat' dir='ltr'><strong>alia</strong></span> <span class='ocrx_word' id='word_1_190' title='bbox 859 2432 897 2474; x_wconf 86' lang='lat' dir='ltr'><strong>ex</strong></span> <span class='ocrx_word' id='word_1_191' title='bbox 922 2421 1010 2494; x_wconf 90' lang='lat' dir='ltr'><strong>parte</strong></span> <span class='ocrx_word' id='word_1_192' title='bbox 1032 2433 1090 2496; x_wconf 92' lang='lat' dir='ltr'><strong>op·</strong></span> 
     </span>
     <span class='ocr_line' id='line_1_26' title="bbox 67 2498 1132 2580; baseline 0.004 -20"><span class='ocrx_word' id='word_1_193' title='bbox 67 2499 133 2580; x_wconf 90' lang='lat' dir='ltr'><strong>pidi</strong></span> <span class='ocrx_word' id='word_1_194' title='bbox 154 2499 366 2575; x_wconf 83' lang='lat' dir='ltr'><strong>Adiatunnus,</strong></span> <span class='ocrx_word' id='word_1_195' title='bbox 390 2500 442 2580; x_wconf 92' lang='lat' dir='ltr'><strong>qui</strong></span> <span class='ocrx_word' id='word_1_196' title='bbox 469 2519 618 2562; x_wconf 91' lang='lat' dir='ltr'><strong>summam</strong></span> <span class='ocrx_word' id='word_1_197' title='bbox 645 2498 763 2579; x_wconf 89' lang='lat' dir='ltr'><strong>imperii</strong></span> <span class='ocrx_word' id='word_1_198' title='bbox 791 2500 928 2575; x_wconf 91' lang='lat' dir='ltr'><strong>tenebat,</strong></span> <span class='ocrx_word' id='word_1_199' title='bbox 953 2519 1020 2562; x_wconf 92' lang='lat' dir='ltr'><strong>oum</strong></span> <span class='ocrx_word' id='word_1_200' title='bbox 1041 2516 1088 2564; x_wconf 83' lang='lat' dir='ltr'><strong>De</strong></span> <span class='ocrx_word' id='word_1_201' title='bbox 1103 2538 1132 2576; x_wconf 64' lang='lat'><strong>2,</strong></span> 
     </span>
     <span class='ocr_line' id='line_1_27' title="bbox 70 2584 1091 2666; baseline 0.003 -19"><span class='ocrx_word' id='word_1_202' title='bbox 70 2585 206 2660; x_wconf 85' lang='lat' dir='ltr'><strong>devotis,</strong></span> <span class='ocrx_word' id='word_1_203' title='bbox 241 2605 316 2664; x_wconf 91' lang='lat' dir='ltr'><strong>quos</strong></span> <span class='ocrx_word' id='word_1_204' title='bbox 345 2585 389 2648; x_wconf 89' lang='lat' dir='ltr'><strong>iili</strong></span> <span class='ocrx_word' id='word_1_205' title='bbox 415 2586 563 2648; x_wconf 89' lang='lat' dir='ltr'><strong>soldurios</strong></span> <span class='ocrx_word' id='word_1_206' title='bbox 590 2584 761 2666; x_wconf 89' lang='lat' dir='ltr'><strong>appellant,</strong></span> <span class='ocrx_word' id='word_1_207' title='bbox 795 2620 839 2630; x_wconf 96' lang='lat'><em>-</em></span> <span class='ocrx_word' id='word_1_208' title='bbox 867 2604 992 2665; x_wconf 92' lang='lat' dir='ltr'><strong>quorum</strong></span> <span class='ocrx_word' id='word_1_209' title='bbox 1016 2587 1091 2650; x_wconf 85' lang='lat' dir='ltr'><strong>haee</strong></span> 
     </span>
     <span class='ocr_line' id='line_1_28' title="bbox 71 2671 1090 2746; baseline 0.005 -14"><span class='ocrx_word' id='word_1_210' title='bbox 71 2679 119 2732; x_wconf 84' lang='lat' dir='ltr'><strong>est</strong></span> <span class='ocrx_word' id='word_1_211' title='bbox 145 2671 293 2746; x_wconf 93' lang='lat' dir='ltr'><strong>condicio,</strong></span> <span class='ocrx_word' id='word_1_212' title='bbox 326 2680 362 2732; x_wconf 92' lang='lat' dir='ltr'><strong>nt</strong></span> <span class='ocrx_word' id='word_1_213' title='bbox 389 2673 526 2734; x_wconf 91' lang='lat' dir='ltr'><strong>omnibus</strong></span> <span class='ocrx_word' id='word_1_214' title='bbox 554 2673 586 2734; x_wconf 92' lang='lat' dir='ltr'><strong>in</strong></span> <span class='ocrx_word' id='word_1_215' title='bbox 607 2672 673 2733; x_wconf 86' lang='lat' dir='ltr'><strong>rita</strong></span> <span class='ocrx_word' id='word_1_216' title='bbox 695 2671 859 2733; x_wconf 88' lang='lat' dir='ltr'><strong>commodis</strong></span> <span class='ocrx_word' id='word_1_217' title='bbox 882 2691 944 2733; x_wconf 92' lang='lat' dir='ltr'><strong>una</strong></span> <span class='ocrx_word' id='word_1_218' title='bbox 965 2690 1031 2734; x_wconf 89' lang='lat' dir='ltr'><strong>cum</strong></span> <span class='ocrx_word' id='word_1_219' title='bbox 1052 2673 1090 2737; x_wconf 89' lang='lat' dir='ltr'><strong>iis</strong></span> 
     </span>
     <span class='ocr_line' id='line_1_29' title="bbox 70 2756 1091 2840; baseline 0.006 -23"><span class='ocrx_word' id='word_1_220' title='bbox 70 2757 220 2830; x_wconf 83' lang='lat' dir='ltr'><strong>fruantur,</strong></span> <span class='ocrx_word' id='word_1_221' title='bbox 248 2775 373 2836; x_wconf 91' lang='lat' dir='ltr'><strong>quorum</strong></span> <span class='ocrx_word' id='word_1_222' title='bbox 396 2777 429 2818; x_wconf 90' lang='lat' dir='ltr'><strong>se</strong></span> <span class='ocrx_word' id='word_1_223' title='bbox 452 2759 600 2820; x_wconf 82' lang='lat' dir='ltr'><strong>amicitiae</strong></span> <span class='ocrx_word' id='word_1_224' title='bbox 622 2757 805 2832; x_wconf 88' lang='lat' dir='ltr'><strong>dediderint,</strong></span> <span class='ocrx_word' id='word_1_225' title='bbox 835 2756 861 2818; x_wconf 88' lang='lat' dir='ltr'><strong>si</strong></span> <span class='ocrx_word' id='word_1_226' title='bbox 884 2757 955 2838; x_wconf 89' lang='lat' dir='ltr'><strong>quid</strong></span> <span class='ocrx_word' id='word_1_227' title='bbox 976 2759 1013 2821; x_wconf 91' lang='lat' dir='ltr'><strong>iis</strong></span> <span class='ocrx_word' id='word_1_228' title='bbox 1035 2780 1091 2840; x_wconf 89' lang='lat' dir='ltr'><strong>per</strong></span> 
     </span>
     <span class='ocr_line' id='line_1_30' title="bbox 71 2841 1091 2915; baseline 0.006 -13"><span class='ocrx_word' id='word_1_229' title='bbox 71 2842 133 2903; x_wconf 87' lang='lat' dir='ltr'><strong>vim</strong></span> <span class='ocrx_word' id='word_1_230' title='bbox 156 2841 287 2915; x_wconf 87' lang='lat' dir='ltr'><strong>aecidat,</strong></span> <span class='ocrx_word' id='word_1_231' title='bbox 311 2851 365 2902; x_wconf 89' lang='lat' dir='ltr'><strong>aut</strong></span> <span class='ocrx_word' id='word_1_232' title='bbox 379 2843 515 2904; x_wconf 53' lang='lat' dir='ltr'><strong>⁴eundem</strong></span> <span class='ocrx_word' id='word_1_233' title='bbox 536 2862 638 2904; x_wconf 84' lang='lat' dir='ltr'><strong>casum</strong></span> <span class='ocrx_word' id='word_1_234' title='bbox 661 2863 723 2905; x_wconf 91' lang='lat' dir='ltr'><strong>uua</strong></span> <span class='ocrx_word' id='word_1_235' title='bbox 744 2846 844 2905; x_wconf 86' lang='lat' dir='ltr'><strong>ierant</strong></span> <span class='ocrx_word' id='word_1_236' title='bbox 866 2853 920 2905; x_wconf 87' lang='lat' dir='ltr'><strong>aut</strong></span> <span class='ocrx_word' id='word_1_237' title='bbox 935 2844 993 2907; x_wconf 93' lang='lat' dir='ltr'><strong>sibi</strong></span> <span class='ocrx_word' id='word_1_238' title='bbox 1007 2865 1091 2909; x_wconf 92' lang='lat' dir='ltr'><strong>mor-</strong></span> 
     </span>
     <span class='ocr_line' id='line_1_31' title="bbox 71 2927 1134 3012; baseline 0.008 -25"><span class='ocrx_word' id='word_1_239' title='bbox 71 2936 133 2988; x_wconf 90' lang='lat' dir='ltr'><strong>tem</strong></span> <span class='ocrx_word' id='word_1_240' title='bbox 155 2927 356 3000; x_wconf 83' lang='lat' dir='ltr'><strong>consciscant3</strong></span> <span class='ocrx_word' id='word_1_241' title='bbox 379 2946 474 3007; x_wconf 88' lang='lat' dir='ltr'>neque</span> <span class='ocrx_word' id='word_1_242' title='bbox 496 2929 594 2990; x_wconf 88' lang='lat' dir='ltr'><strong>adhuc</strong></span> <span class='ocrx_word' id='word_1_243' title='bbox 614 2929 769 2991; x_wconf 91' lang='lat' dir='ltr'><strong>hominum</strong></span> <span class='ocrx_word' id='word_1_244' title='bbox 791 2930 935 2992; x_wconf 90' lang='lat' dir='ltr'><strong>memoria</strong></span> <span class='ocrx_word' id='word_1_245' title='bbox 954 2941 1090 3012; x_wconf 89' lang='lat' dir='ltr'><strong>repertus</strong></span> <span class='ocrx_word' id='word_1_246' title='bbox 1105 2968 1134 3007; x_wconf 66' lang='lat'><strong>³0</strong></span> 
     </span>
     <span class='ocr_line' id='line_1_32' title="bbox 72 3012 1092 3093; baseline 0.006 -19"><span class='ocrx_word' id='word_1_247' title='bbox 72 3022 121 3074; x_wconf 91' lang='lat' dir='ltr'><strong>est</strong></span> <span class='ocrx_word' id='word_1_248' title='bbox 143 3013 316 3093; x_wconf 90' lang='lat' dir='ltr'><strong>quisquam,</strong></span> <span class='ocrx_word' id='word_1_249' title='bbox 339 3012 390 3093; x_wconf 93' lang='lat' dir='ltr'><strong>qui</strong></span> <span class='ocrx_word' id='word_1_250' title='bbox 413 3031 447 3074; x_wconf 96' lang='lat' dir='ltr'><strong>eo</strong></span> <span class='ocrx_word' id='word_1_251' title='bbox 469 3012 639 3089; x_wconf 76' lang='lat' dir='ltr'><strong>interiecto,</strong></span> <span class='ocrx_word' id='word_1_252' title='bbox 663 3015 746 3077; x_wconf 91' lang='lat' dir='ltr'><strong>cuius</strong></span> <span class='ocrx_word' id='word_1_253' title='bbox 770 3034 802 3076; x_wconf 93' lang='lat' dir='ltr'><strong>se</strong></span> <span class='ocrx_word' id='word_1_254' title='bbox 825 3015 975 3078; x_wconf 83' lang='lat' dir='ltr'><strong>amicitiae</strong></span> <span class='ocrx_word' id='word_1_255' title='bbox 998 3019 1092 3080; x_wconf 89' lang='lat' dir='ltr'><strong>devo·</strong></span> 
     </span>
     <span class='ocr_line' id='line_1_33' title="bbox 72 3098 1092 3183; baseline 0.006 -23"><span class='ocrx_word' id='word_1_256' title='bbox 72 3099 184 3174; x_wconf 91' lang='lat' dir='ltr'><strong>visset,</strong></span> <span class='ocrx_word' id='word_1_257' title='bbox 213 3098 288 3160; x_wconf 91' lang='lat' dir='ltr'><strong>mori</strong></span> <span class='ocrx_word' id='word_1_258' title='bbox 315 3107 482 3173; x_wconf 86' lang='lat' dir='ltr'><strong>recusaret,</strong></span> <span class='ocrx_word' id='word_1_259' title='bbox 511 3133 555 3143; x_wconf 91' lang='lat'>-</span> <span class='ocrx_word' id='word_1_260' title='bbox 580 3118 646 3161; x_wconf 92' lang='lat' dir='ltr'><strong>oum</strong></span> <span class='ocrx_word' id='word_1_261' title='bbox 668 3100 715 3162; x_wconf 91' lang='lat' dir='ltr'><strong>his</strong></span> <span class='ocrx_word' id='word_1_262' title='bbox 737 3099 935 3164; x_wconf 83' lang='lat' dir='ltr'><strong>Adiatunnus</strong></span> <span class='ocrx_word' id='word_1_263' title='bbox 958 3104 1092 3183; x_wconf 90' lang='lat' dir='ltr'><strong>eruptio-</strong></span> 
     </span>
     <span class='ocr_line' id='line_1_34' title="bbox 72 3184 1092 3266; baseline 0.004 -19"><span class='ocrx_word' id='word_1_264' title='bbox 72 3205 140 3248; x_wconf 90' lang='lat' dir='ltr'>nem</span> <span class='ocrx_word' id='word_1_265' title='bbox 162 3187 259 3247; x_wconf 88' lang='lat' dir='ltr'><strong>iaoere</strong></span> <span class='ocrx_word' id='word_1_266' title='bbox 281 3192 422 3259; x_wconf 87' lang='lat' dir='ltr'><strong>conatus,</strong></span> <span class='ocrx_word' id='word_1_267' title='bbox 446 3184 575 3246; x_wconf 86' lang='lat' dir='ltr'><strong>elamore</strong></span> <span class='ocrx_word' id='word_1_268' title='bbox 597 3186 636 3246; x_wconf 89' lang='lat' dir='ltr'><strong>ab</strong></span> <span class='ocrx_word' id='word_1_269' title='bbox 658 3205 695 3247; x_wconf 88' lang='lat' dir='ltr'><strong>ea</strong></span> <span class='ocrx_word' id='word_1_270' title='bbox 715 3195 804 3266; x_wconf 90' lang='lat' dir='ltr'><strong>parte</strong></span> <span class='ocrx_word' id='word_1_271' title='bbox 826 3187 1000 3249; x_wconf 89' lang='lat' dir='ltr'><strong>munitionis</strong></span> <span class='ocrx_word' id='word_1_272' title='bbox 1017 3191 1092 3251; x_wconf 93' lang='lat' dir='ltr'><strong>sub-</strong></span> 
     </span>
     <span class='ocr_line' id='line_1_35' title="bbox 72 3270 1094 3354; baseline 0.004 -20"><span class='ocrx_word' id='word_1_273' title='bbox 72 3272 135 3335; x_wconf 90' lang='lat' dir='ltr'><strong>lato</strong></span> <span class='ocrx_word' id='word_1_274' title='bbox 159 3291 224 3333; x_wconf 92' lang='lat' dir='ltr'><strong>oum</strong></span> <span class='ocrx_word' id='word_1_275' title='bbox 247 3272 288 3333; x_wconf 90' lang='lat' dir='ltr'><strong>ad</strong></span> <span class='ocrx_word' id='word_1_276' title='bbox 309 3290 396 3334; x_wconf 87' lang='lat' dir='ltr'><strong>arma</strong></span> <span class='ocrx_word' id='word_1_277' title='bbox 416 3270 528 3334; x_wconf 89' lang='lat' dir='ltr'><strong>milites</strong></span> <span class='ocrx_word' id='word_1_278' title='bbox 550 3271 771 3333; x_wconf 86' lang='lat' dir='ltr'><strong>concurrissent</strong></span> <span class='ocrx_word' id='word_1_279' title='bbox 785 3272 1036 3354; x_wconf 90' lang='lat' dir='ltr'>vehementerque</span> <span class='ocrx_word' id='word_1_280' title='bbox 1050 3275 1094 3338; x_wconf 89' lang='lat' dir='ltr'><strong>ibi</strong></span> 
     </span>
     <span class='ocr_line' id='line_1_36' title="bbox 72 3357 1136 3439; baseline 0.005 -20"><span class='ocrx_word' id='word_1_281' title='bbox 72 3367 238 3439; x_wconf 87' lang='lat' dir='ltr'><strong>pugnaturn</strong></span> <span class='ocrx_word' id='word_1_282' title='bbox 271 3366 367 3431; x_wconf 85' lang='lat' dir='ltr'><strong>esset,</strong></span> <span class='ocrx_word' id='word_1_283' title='bbox 400 3357 537 3438; x_wconf 85' lang='lat' dir='ltr'><strong>repulsus</strong></span> <span class='ocrx_word' id='word_1_284' title='bbox 564 3357 595 3419; x_wconf 92' lang='lat' dir='ltr'><strong>in</strong></span> <span class='ocrx_word' id='word_1_285' title='bbox 623 3357 766 3439; x_wconf 91' lang='lat' dir='ltr'><strong>oppidum</strong></span> <span class='ocrx_word' id='word_1_286' title='bbox 792 3367 895 3420; x_wconf 86' lang='lat' dir='ltr'><strong>tamen</strong></span> <span class='ocrx_word' id='word_1_287' title='bbox 922 3359 967 3421; x_wconf 94' lang='lat' dir='ltr'><strong>uti</strong></span> <span class='ocrx_word' id='word_1_288' title='bbox 989 3361 1094 3424; x_wconf 89' lang='lat' dir='ltr'>eedem</span> <span class='ocrx_word' id='word_1_289' title='bbox 1107 3397 1136 3437; x_wconf 62' lang='lat'><strong>,³</strong></span> 
     </span>
     <span class='ocr_line' id='line_1_37' title="bbox 74 3443 998 3524; baseline 0 -18"><span class='ocrx_word' id='word_1_290' title='bbox 74 3445 235 3506; x_wconf 90' lang='lat' dir='ltr'><strong>deditionis</strong></span> <span class='ocrx_word' id='word_1_291' title='bbox 258 3443 430 3507; x_wconf 89' lang='lat' dir='ltr'><strong>condicione</strong></span> <span class='ocrx_word' id='word_1_292' title='bbox 451 3451 595 3517; x_wconf 86' lang='lat' dir='ltr'><strong>uteretur,</strong></span> <span class='ocrx_word' id='word_1_293' title='bbox 618 3444 657 3505; x_wconf 87' lang='lat' dir='ltr'><strong>ab</strong></span> <span class='ocrx_word' id='word_1_294' title='bbox 680 3443 793 3507; x_wconf 82' lang='lat' dir='ltr'><strong>Crasso</strong></span> <span class='ocrx_word' id='word_1_295' title='bbox 815 3444 998 3524; x_wconf 74' lang='lat' dir='ltr'><strong>impetravit,</strong></span> 
     </span>
    </p>

    <p class='ocr_par' dir='ltr' id='par_1_3' title="bbox 73 3529 1140 3957">
     <span class='ocr_line' id='line_1_38' title="bbox 137 3529 1138 3612; baseline 0.002 -19"><span class='ocrx_word' id='word_1_296' title='bbox 137 3530 242 3593; x_wconf 87' lang='lat' dir='ltr'><strong>Armis</strong></span> <span class='ocrx_word' id='word_1_297' title='bbox 265 3530 479 3612; x_wconf 90' lang='lat' dir='ltr'><strong>obsidibusque</strong></span> <span class='ocrx_word' id='word_1_298' title='bbox 501 3530 631 3611; x_wconf 85' lang='lat' dir='ltr'><strong>acceptis</strong></span> <span class='ocrx_word' id='word_1_299' title='bbox 652 3529 780 3592; x_wconf 83' lang='lat' dir='ltr'><strong>Crassus</strong></span> <span class='ocrx_word' id='word_1_300' title='bbox 795 3529 827 3592; x_wconf 94' lang='lat' dir='ltr'><strong>iu</strong></span> <span class='ocrx_word' id='word_1_301' title='bbox 842 3531 917 3605; x_wconf 87' lang='lat' dir='ltr'><strong>fines</strong></span> <span class='ocrx_word' id='word_1_302' title='bbox 931 3531 1094 3595; x_wconf 87' lang='lat' dir='ltr'><strong>Vocatium</strong></span> <span class='ocrx_word' id='word_1_303' title='bbox 1104 3550 1138 3603; x_wconf 80' lang='lat'><strong>28</strong></span> 
     </span>
     <span class='ocr_line' id='line_1_39' title="bbox 73 3616 1096 3698; baseline 0.004 -20"><span class='ocrx_word' id='word_1_304' title='bbox 73 3626 106 3678; x_wconf 94' lang='lat' dir='ltr'><strong>et</strong></span> <span class='ocrx_word' id='word_1_305' title='bbox 139 3617 334 3679; x_wconf 89' lang='lat' dir='ltr'><strong>Tarusatium</strong></span> <span class='ocrx_word' id='word_1_306' title='bbox 366 3619 516 3698; x_wconf 86' lang='lat' dir='ltr'><strong>proiectus</strong></span> <span class='ocrx_word' id='word_1_307' title='bbox 551 3625 607 3679; x_wconf 82' lang='lat' dir='ltr'><strong>est</strong></span> <span class='ocrx_word' id='word_1_308' title='bbox 652 3617 730 3678; x_wconf 85' lang='lat' dir='ltr'><strong>Tum</strong></span> <span class='ocrx_word' id='word_1_309' title='bbox 763 3635 834 3678; x_wconf 90' lang='lat' dir='ltr'><strong>vero</strong></span> <span class='ocrx_word' id='word_1_310' title='bbox 862 3616 984 3680; x_wconf 89' lang='lat' dir='ltr'><strong>barbari</strong></span> <span class='ocrx_word' id='word_1_311' title='bbox 1011 3638 1096 3682; x_wconf 90' lang='lat' dir='ltr'><strong>oom-</strong></span> 
     </span>
     <span class='ocr_line' id='line_1_40' title="bbox 73 3702 1096 3786; baseline 0.004 -22"><span class='ocrx_word' id='word_1_312' title='bbox 73 3702 162 3778; x_wconf 90' lang='lat' dir='ltr'><strong>moti,</strong></span> <span class='ocrx_word' id='word_1_313' title='bbox 187 3705 267 3784; x_wconf 92' lang='lat' dir='ltr'><strong>quod</strong></span> <span class='ocrx_word' id='word_1_314' title='bbox 289 3702 431 3783; x_wconf 92' lang='lat' dir='ltr'><strong>oppidum</strong></span> <span class='ocrx_word' id='word_1_315' title='bbox 454 3711 485 3765; x_wconf 92' lang='lat' dir='ltr'><strong>et</strong></span> <span class='ocrx_word' id='word_1_316' title='bbox 506 3712 617 3765; x_wconf 89' lang='lat' dir='ltr'><strong>natura</strong></span> <span class='ocrx_word' id='word_1_317' title='bbox 631 3703 689 3765; x_wconf 90' lang='lat' dir='ltr'><strong>luci</strong></span> <span class='ocrx_word' id='word_1_318' title='bbox 704 3712 735 3765; x_wconf 90' lang='lat' dir='ltr'><strong>et</strong></span> <span class='ocrx_word' id='word_1_319' title='bbox 748 3722 841 3764; x_wconf 91' lang='lat' dir='ltr'><strong>manu</strong></span> <span class='ocrx_word' id='word_1_320' title='bbox 855 3702 1002 3766; x_wconf 89' lang='lat' dir='ltr'><strong>munitum</strong></span> <span class='ocrx_word' id='word_1_321' title='bbox 1017 3725 1096 3786; x_wconf 90' lang='lat' dir='ltr'><strong>pau-</strong></span> 
     </span>
     <span class='ocr_line' id='line_1_41' title="bbox 74 3788 1140 3873; baseline 0.007 -23"><span class='ocrx_word' id='word_1_322' title='bbox 74 3788 116 3850; x_wconf 86' lang='lat' dir='ltr'><strong>cis</strong></span> <span class='ocrx_word' id='word_1_323' title='bbox 145 3789 266 3863; x_wconf 90' lang='lat' dir='ltr'><strong>diebus,</strong></span> <span class='ocrx_word' id='word_1_324' title='bbox 300 3789 407 3870; x_wconf 91' lang='lat' dir='ltr'><strong>quibus</strong></span> <span class='ocrx_word' id='word_1_325' title='bbox 439 3809 473 3853; x_wconf 88' lang='lat' dir='ltr'><strong>eo</strong></span> <span class='ocrx_word' id='word_1_326' title='bbox 495 3798 618 3852; x_wconf 90' lang='lat' dir='ltr'><strong>ventum</strong></span> <span class='ocrx_word' id='word_1_327' title='bbox 642 3798 723 3862; x_wconf 89' lang='lat' dir='ltr'><strong>erat,</strong></span> <span class='ocrx_word' id='word_1_328' title='bbox 758 3798 961 3870; x_wconf 85' lang='lat' dir='ltr'><strong>expugnatum</strong></span> <span class='ocrx_word' id='word_1_329' title='bbox 983 3804 1095 3873; x_wconf 80' lang='lat' dir='ltr'><strong>cogno·</strong></span> <span class='ocrx_word' id='word_1_330' title='bbox 1110 3819 1140 3857; x_wconf 79' lang='lat' dir='ltr'><strong>so</strong></span> 
     </span>
     <span class='ocr_line' id='line_1_42' title="bbox 74 3875 1096 3957; baseline 0.008 -23"><span class='ocrx_word' id='word_1_331' title='bbox 74 3885 196 3948; x_wconf 86' lang='lat' dir='ltr'><strong>verant,</strong></span> <span class='ocrx_word' id='word_1_332' title='bbox 224 3876 342 3957; x_wconf 84' lang='lat' dir='ltr'><strong>legatos</strong></span> <span class='ocrx_word' id='word_1_333' title='bbox 365 3895 606 3957; x_wconf 88' lang='lat' dir='ltr'><strong>quoquoversum</strong></span> <span class='ocrx_word' id='word_1_334' title='bbox 629 3875 794 3950; x_wconf 89' lang='lat' dir='ltr'><strong>dimittere,</strong></span> <span class='ocrx_word' id='word_1_335' title='bbox 819 3875 987 3954; x_wconf 88' lang='lat' dir='ltr'><strong>coniurare,</strong></span> <span class='ocrx_word' id='word_1_336' title='bbox 1011 3880 1096 3942; x_wconf 92' lang='lat' dir='ltr'><strong>obsi-</strong></span> 
     </span>
    </p>
   </div>
   <div class='ocr_carea' id='block_1_3' title="bbox 75 3960 1098 4112">
    <p class='ocr_par' dir='ltr' id='par_1_4' title="bbox 75 3960 1098 4112">
     <span class='ocr_line' id='line_1_43' title="bbox 75 3960 1098 4112; baseline 0.007 -90"><span class='ocrx_word' id='word_1_337' title='bbox 75 3960 130 4021; x_wconf 89' lang='lat' dir='ltr'><strong>des</strong></span> <span class='ocrx_word' id='word_1_338' title='bbox 160 3961 241 4023; x_wconf 86' lang='lat' dir='ltr'><strong>inter</strong></span> <span class='ocrx_word' id='word_1_339' title='bbox 269 3980 302 4023; x_wconf 92' lang='lat' dir='ltr'><strong>ss</strong></span> <span class='ocrx_word' id='word_1_340' title='bbox 330 3962 419 4036; x_wconf 90' lang='lat' dir='ltr'><strong>dare,</strong></span> <span class='ocrx_word' id='word_1_341' title='bbox 452 3962 555 4042; x_wconf 87' lang='lat' dir='ltr'><strong>copias</strong></span> <span class='ocrx_word' id='word_1_342' title='bbox 582 3981 691 4042; x_wconf 90' lang='lat' dir='ltr'><strong>parare</strong></span> <span class='ocrx_word' id='word_1_343' title='bbox 717 3971 889 4042; x_wconf 84' lang='lat' dir='ltr'><strong>coeperunt</strong></span> <span class='ocrx_word' id='word_1_344' title='bbox 922 3963 1098 4112; x_wconf 77' lang='lat' dir='ltr'><strong>4Mittuntur</strong></span> 
     </span>
    </p>
   </div>
   <div class='ocr_carea' id='block_1_4' title="bbox 0 0 1324 4492">
    <p class='ocr_par' dir='ltr' id='par_1_5' title="bbox 0 0 1324 4492">
     <span class='ocr_line' id='line_1_44' title="bbox 0 0 1324 4492; baseline 0 0"><span class='ocrx_word' id='word_1_345' title='bbox 0 0 1324 4492; x_wconf 95' lang='lat' dir='ltr'><strong> </strong></span> 
     </span>
    </p>
   </div>
  </div>
 </body>
</html>
