2616 4492
216 286 277 353 134
538 302 587 348 on
609 302 726 349 annuo
750 300 907 349 esuureo

170 450 202 501 61
213 462 281 505 eum
313 442 410 503 locum
441 441 533 522 petit,
568 461 626 522 quo
654 458 748 503 naves
777 441 888 521 adpelli
913 440 1053 502 iusserat
1098 438 1238 500 Eccum

213 538 295 591 esset
309 537 448 603 ventum,
471 527 674 608 exploratores
689 528 836 602 hostium,
859 536 894 588 ut
908 527 988 588 omni
1003 525 1133 588 fluminis
1149 534 1240 605 parte

214 622 302 677 erant
323 614 476 693 dispositi,
500 613 709 693 inopinantes,
733 615 811 693 quod
832 633 944 694 magna
967 614 1067 675 subito
1092 622 1161 672 erat
1183 631 1239 672 co-

213 711 281 763 orta
302 708 484 780 tempestas,
509 700 681 761 abnostris
707 700 929 780 opprimuntur3
954 700 1101 762 exercitus
1117 698 1240 778 equita-

183 797 322 866 stusque
350 786 498 866 equitibus
520 786 667 847 Romanis
691 786 990 861 administrantibus,
1015 800 1089 866 quos
1113 784 1142 845 ei
1163 803 1240 864 neg-

214 873 275 935 otio
297 874 495 951 praefecerat,
519 872 654 933 celeriter
676 872 901 934 transmittitur.

277 959 345 1021 Uno
368 959 428 1019 fere
450 967 584 1038 tempore
607 959 664 1019 sub
685 959 781 1020 lucem
803 958 941 1019 hostibus
964 957 1122 1018 nuntiatur
1135 957 1167 1017 in
1183 976 1239 1018 ca-

214 1044 286 1106 stris
324 1044 529 1107 Romanorum
567 1053 687 1124 praeter
722 1044 967 1106 consuetudinem
1000 1043 1176 1104 tumultuari
1209 1053 1241 1103 et

214 1149 354 1211 magnum
382 1130 426 1191 ire
449 1150 555 1211 agmen
578 1132 707 1192 adverso
730 1131 851 1192 flumine
874 1131 1064 1209 sonitumque
1087 1148 1240 1190 remorum

172 1245 199 1281 ru
213 1217 243 1278 in
277 1218 381 1278 eadem
408 1227 496 1296 parte
524 1217 659 1279 exaudiri
687 1226 719 1278 et
745 1217 836 1296 paulo
863 1217 942 1278 inira
968 1217 1080 1277 milites
1108 1215 1240 1276 navibus

214 1303 423 1384 transportari.
479 1301 596 1372 Quibus
630 1305 719 1365 rebus
753 1303 881 1378 auditis,
916 1305 994 1383 quod
1022 1301 1241 1363 existimabant

214 1389 309 1450 tribus
331 1389 405 1451 locis
428 1391 558 1451 transire
579 1390 714 1470 legiones
737 1399 828 1470 atque
851 1409 954 1451 omnes
974 1390 1170 1469 perturbatos
1185 1389 1240 1448 de-

213 1475 340 1537 iectione
367 1475 543 1537 Aeduorum
570 1478 670 1556 fugam
692 1496 818 1557 parare,
848 1496 919 1537 suas
943 1495 1058 1556 quoque
1080 1474 1185 1553 copias
1207 1473 1240 1535 in

214 1569 276 1624 tres
308 1571 412 1641 partes
441 1562 665 1624 distribuemnt.
714 1562 796 1624 Nam
823 1562 975 1641 praesidio
1004 1561 1163 1640 eregioue
1185 1579 1239 1621 ca-

172 1673 198 1710 rs
214 1656 345 1709 stromm
367 1648 470 1710 relicto
494 1658 525 1710 et
545 1667 643 1727 parva
664 1668 756 1710 manu
778 1648 975 1710 Melodunum
996 1667 1104 1708 versus
1126 1645 1239 1722 missa,

215 1753 290 1815 quae
311 1743 430 1795 tanturn
452 1735 669 1815 progrediatur,
704 1743 849 1815 quantum
877 1754 972 1796 naves
999 1732 1239 1815 processissent,

214 1821 346 1901 reliquas
369 1821 470 1900 copias
493 1830 599 1882 contra
619 1821 787 1883 Labienum
811 1823 968 1883 duxemnt.

172 1912 205 1962 62
278 1906 384 1967 Prima
411 1907 475 1968 luce
497 1915 528 1968 et
549 1908 646 1969 nostri
669 1926 772 1968 omnes
795 1916 883 1969 erant
905 1907 1104 1988 transportati
1128 1916 1160 1969 et
1180 1907 1240 1969 ho-

215 1992 307 2054 stium
329 1993 407 2053 acies
431 1994 617 2054 cernebatur.
661 1994 815 2055 Labienus
845 1993 955 2055 milites
980 1993 1172 2068 cohortatus,
1205 2002 1242 2056 nt

171 2104 200 2141 20
215 2098 287 2140 suae
309 2079 456 2158 pristinae
477 2079 598 2141 virtutis
622 2089 653 2141 et
675 2080 957 2142 secundissimomm
984 2079 1167 2159 proeliorum
1189 2099 1241 2142 re-

214 2164 347 2225 tinerent
379 2165 551 2226 memoriam
579 2174 670 2245 atque
697 2167 796 2246 ipsum
824 2165 1003 2242 Gaesarem,
1036 2166 1119 2227 cuius
1147 2167 1241 2228 ductu

215 2270 430 2330 saepenumero
453 2252 555 2313 hostes
579 2261 789 2331 superassent,
822 2261 1012 2333 praesentem
1040 2253 1149 2313 adesse
1172 2252 1240 2314 exi·

215 2336 388 2411 stimarent,
412 2338 466 2397 dat
488 2337 606 2416 siguum
627 2338 742 2418 proelii.
779 2338 882 2400 Primo
905 2357 1050 2399 concursu
1073 2339 1111 2399 ah
1135 2340 1241 2400 dextm

215 2441 323 2495 cornu,
345 2422 396 2484 uhi
420 2423 549 2501 septima
570 2423 648 2504 legio
671 2425 862 2499 constiterat,
885 2424 991 2485 hostes
1012 2422 1168 2504 pelluntur
1190 2433 1242 2487 atr

171 2535 199 2572 aa
215 2528 272 2590 que
292 2509 323 2569 iu
343 2511 444 2589 fugam
465 2508 675 2583 coniiciuntur3
699 2513 737 2573 ab
753 2510 885 2584 sinistro,
909 2530 997 2590 quem
1019 2510 1117 2572 locum
1134 2511 1243 2591 quintu

216 2595 332 2656 decima
358 2594 435 2674 legio
463 2597 603 2669 tenebat,
632 2616 699 2658 curn
726 2596 816 2677 primi
838 2596 957 2658 ordines
979 2596 1112 2659 hostiurn
1134 2606 1243 2659 mane

215 2681 268 2742 fixi
290 2681 358 2742 telis
381 2682 596 2756 concidissent,
620 2691 721 2745 tamen
743 2683 887 2745 acerrime
909 2682 1016 2764 reliqui
1038 2683 1242 2759 resistebant,

215 2785 272 2827 nec
293 2769 388 2829 dabat
410 2769 609 2848 suspicionem
631 2770 718 2849 fugae
741 2770 909 2850 quisquam.
946 2770 1017 2849 Ipse
1031 2771 1092 2831 dux
1105 2769 1243 2832 hostium

216 2852 437 2934 Camulogenus
461 2855 531 2915 suis
546 2857 653 2917 aderat
675 2865 765 2936 atque
788 2875 839 2917 eos
863 2856 1087 2918 cohortabatur.
1121 2855 1243 2918 Incerto

171 2967 200 3005 so
216 2960 294 3002 nunc
317 2941 407 3002 etiarn
431 2941 513 3001 exitu
534 2941 679 3003 victoriae
702 2962 768 3003 cum
791 2943 938 3022 septimae
960 2942 1086 3022 legionis
1108 2942 1243 3005 tribunis

215 3036 297 3088 esset
323 3026 509 3101 nuntiatum,
544 3028 674 3107 quaein
697 3029 819 3090 sinistro
841 3048 933 3090 cornu
956 3038 1139 3108 gererentur,
1170 3038 1245 3109 post

215 3123 331 3194 tergum
353 3113 484 3174 hostium
506 3112 653 3193 legionem
676 3117 875 3177 ostenderunt
896 3115 1039 3196 signaque
1061 3114 1242 3177 intulemnt

215 3200 263 3262 Ne
276 3219 309 3260 eo
324 3199 443 3279 quidem
454 3208 589 3279 tempore
601 3199 758 3281 quisquam
770 3202 834 3263 loco
846 3202 952 3274 cessit,
977 3203 1030 3263 sed
1043 3201 1244 3263 circumventi

216 3305 321 3347 omnes
344 3285 549 3366 interfectique
572 3295 650 3348 sunt.
688 3288 824 3349 Eandem
839 3290 992 3349 fortunam
1007 3286 1076 3349 tulit
1092 3286 1241 3350 Camulo-

171 3398 199 3436 ae
215 3391 319 3452 genus.
364 3371 410 3433 At
432 3372 469 3446 ii,
504 3373 554 3453 qui
574 3373 726 3454 praesidio
749 3384 855 3434 contra
876 3383 977 3434 castra
998 3373 1129 3435 Labieni
1151 3383 1244 3435 erant

212 3458 324 3534 relicti,
353 3476 419 3520 cum
441 3459 585 3538 proelium
608 3460 798 3521 commissum
821 3460 992 3532 audissent,
1016 3460 1152 3522 subsidio
1176 3460 1242 3522 suis

215 3544 313 3607 iemnt
334 3545 497 3624 collemque
519 3555 675 3625 cepemnt,
698 3565 794 3625 neque
814 3554 982 3607 nostrorum
998 3546 1126 3607 militum
1141 3547 1245 3608 victo-

217 3650 341 3711 mmque
363 3631 507 3710 impeturn
530 3632 679 3693 sustinere
695 3641 865 3711 potuerunt.
896 3630 946 3693 Sic
961 3651 1026 3693 curn
1042 3633 1106 3695 suis
1120 3633 1244 3714 fugien-

212 3716 293 3778 tibus
315 3718 472 3796 permixti,
502 3738 577 3798 quos
606 3737 666 3779 non
696 3717 791 3778 silvae
818 3726 993 3799 montesque
1016 3728 1171 3792 texemnt,
1202 3721 1245 3783 ab

169 3826 198 3863 so
213 3803 348 3881 equitatu
377 3814 448 3865 sunt
474 3805 633 3866 interfecti.
683 3805 749 3866 Hoc
777 3805 897 3885 negotio
926 3807 1059 3867 conlecto
1081 3805 1242 3868 Labienus

212 3889 374 3950 revertitur
387 3890 592 3972 Agedincum,
615 3890 666 3952 ubi
682 3891 898 3970 impedimenta
913 3892 1006 3954 totius
1022 3892 1174 3954 exercitus
1190 3913 1245 3954 re-

213 3974 287 4039 licta
301 3984 396 4038 erant.
424 3978 498 4039 Inde
513 3998 578 4039 cum
596 3977 733 4039 omnibus
748 3978 842 4058 copiis
858 3981 898 4042 ad
913 3979 1074 4042 Caesarem
1089 3980 1241 4059 pervenit
