2616 4492
224 279 286 343 108
549 292 600 339 nn
622 260 740 339 nanno
764 290 919 340 canarno

221 432 382 506 iudicavit,
405 432 499 494 multo
522 432 614 495 etiam
636 432 781 512 amplius,
804 432 884 512 quod
906 448 1003 511 paene
1026 430 1064 491 ab
1079 428 1146 509 ipsc
1161 428 1245 491 vallo

221 520 376 601 portisque
409 527 575 581 castrorum
602 519 749 581 barbaros
778 518 949 580 avertisset.
1005 514 1144 586 Quarum
1178 534 1247 576 orn—

221 606 303 668 uium
335 625 434 667 rerum
468 606 597 666 maxime
620 605 828 667 admirandum
849 604 1021 676 videbatur,
1055 602 1136 682 quod
1163 600 1246 663 Ger-

221 692 320 768 mani,
343 692 395 773 qui
417 711 452 754 eo
475 692 600 753 consilio
622 692 763 753 Rhenum
785 691 986 764 transierant,
1008 698 1042 753 ut
1056 687 1246 768 Ambiorigis

191 807 205 844 s
220 780 296 841 fines
318 777 581 857 depopularentur,
605 779 645 840 ad
664 787 766 839 castra
779 777 986 840 Romanorum
1001 775 1095 838 delati
1110 775 1246 855 optatis-

220 866 329 928 simum
351 864 521 944 Ambiorigi
542 864 718 926 beneficium
741 864 921 926 obtulerunt.

176 958 212 1008 43
285 950 400 1012 Caesar
431 969 535 1012 rursus
569 952 608 1011 ad
640 951 795 1012 vexandos
823 951 926 1011 hostes
954 950 1105 1028 proiectus
1134 965 1245 1026 magno

220 1046 324 1100 coacto
346 1055 467 1098 numero
490 1056 528 1098 ex
551 1037 688 1099 finitimis
711 1036 882 1098 civitatibus
904 1036 936 1097 in
958 1054 1061 1096 omnes
1076 1043 1179 1114 partes
1195 1033 1245 1094 di-

220 1122 325 1185 mittit.
371 1122 484 1184 Omnes
512 1123 570 1184 rici
592 1131 684 1203 atque
707 1123 808 1184 omnia
830 1121 982 1194 aedificia,
1017 1139 1095 1200 quae
1117 1119 1245 1201 quisque

176 1237 205 1276 ro
220 1218 434 1288 conspexerat,
457 1208 707 1283 incendebantur3
730 1210 843 1289 praeda
865 1229 904 1270 ex
927 1208 1064 1270 omnibus
1080 1206 1153 1267 locis
1168 1225 1244 1286 uge-

218 1297 327 1369 batur3
349 1296 499 1357 frumenta
521 1315 580 1356 non
603 1296 699 1357 solum
721 1303 809 1356 tauta
831 1295 1021 1356 multitudine
1040 1293 1244 1356 iumentorum

219 1391 311 1462 atque
343 1382 496 1463 hominurn
524 1383 788 1455 consumebantur,
821 1383 875 1443 sed
898 1381 991 1443 etiam
1012 1379 1084 1441 anni
1106 1388 1244 1459 tempore

218 1476 311 1548 atque
333 1468 477 1530 imbribus
500 1469 736 1547 procubuerant,
771 1477 820 1541 ut,
855 1467 881 1529 si
909 1467 960 1547 qui
984 1466 1075 1528 etiam
1096 1465 1128 1526 in
1149 1484 1243 1544 prae-

219 1555 319 1616 sentia
346 1574 378 1616 se
401 1554 617 1629 occultassent‚
646 1564 748 1616 tamen
770 1554 818 1616 bis
842 1555 966 1616 deducto
989 1552 1120 1614 exercitu
1142 1571 1243 1613 rerum

175 1668 203 1707 rs
219 1641 350 1702 omnium
377 1641 481 1720 inopia
508 1642 692 1720 pereundum
720 1641 881 1702 videretur.
930 1638 980 1702 Ac
1007 1658 1097 1719 saepe
1118 1637 1151 1699 iu
1174 1656 1243 1700 eum

218 1727 318 1790 locum
339 1736 462 1788 ventum
487 1734 534 1788 est
555 1736 641 1788 tanto
664 1726 696 1788 in
718 1747 820 1788 omnes
843 1735 945 1807 partes
968 1725 1065 1787 diviso
1088 1723 1242 1805 equitatu,

218 1822 253 1874 ut
286 1814 374 1874 modo
402 1814 501 1875 visum
529 1815 567 1874 ab
596 1833 629 1875 se
656 1813 864 1894 Ambiorigem
886 1812 918 1874 in
939 1814 1010 1893 iuga
1032 1810 1242 1891 circumspice·

217 1908 286 1961 rent
307 1900 418 1979 captivi
440 1919 495 1961 nec
516 1900 606 1980 plane
629 1901 719 1961 etiam
746 1901 846 1961 abisse
868 1895 907 1961 'ex
929 1906 1092 1979 conspectu
1113 1906 1241 1960 conten-

218 1986 343 2060 derent,
377 1995 411 2046 ut
439 2005 493 2065 spe
520 1986 722 2066 consequendi
748 1986 846 2048 inlata
873 1994 964 2067 atque
990 1984 1108 2047 infinito
1136 1984 1243 2046 labore

174 2100 204 2138 20
219 2081 376 2150 suscepto,
410 2072 461 2152 qui
495 2092 528 2133 se
561 2092 709 2134 summam
736 2073 776 2133 ab
803 2072 935 2133 Caesare
963 2071 1088 2152 gratiam
1111 2069 1241 2132 inituros

218 2165 377 2237 putarent,
399 2177 496 2237 paene
511 2167 650 2220 naturam
666 2158 764 2220 studio
780 2158 950 2232 vincerent,
975 2176 1150 2237 semperque
1161 2175 1242 2236 pau-

218 2242 280 2305 lum
304 2245 343 2304 ad
366 2263 514 2304 summam
536 2244 709 2306 felicitatem
740 2245 870 2306 defuisse
891 2245 1053 2318 videretur,
1077 2251 1167 2324 atque
1188 2242 1241 2304 ille

218 2328 344 2391 latebris
368 2339 421 2391 aut
442 2330 570 2392 saltibus
593 2350 627 2392 se
649 2331 779 2410 eriperet
801 2339 832 2393 et
853 2340 944 2392 noctu
970 2330 1136 2392 occultatus
1162 2328 1240 2391 alias

219 2415 354 2495 regiones
381 2425 543 2496 partesque
569 2424 686 2497 peteret
713 2438 773 2479 non
805 2399 920 2480 ffilu'rore
954 2417 1085 2497 equitum
1118 2415 1240 2496 praesi-

173 2530 202 2569 π
219 2501 267 2563 dio
296 2521 386 2581 quam
413 2511 567 2582 quattuor,
601 2502 709 2583 quibus
732 2504 805 2566 solis
827 2504 922 2566 vitam
944 2522 1030 2566 suam
1054 2503 1241 2564 committere

218 2589 358 2649 audebat.

174 2684 210 2734 44
283 2674 351 2735 Tali
379 2675 466 2735 modo
492 2675 623 2736 vastatis
647 2675 815 2756 regionibus
839 2676 1000 2737 exercitum
1023 2675 1139 2737 Caesar
1160 2675 1239 2736 dua-

216 2778 282 2820 rum
316 2759 502 2822 cohortium
518 2762 627 2822 damno
655 2762 889 2825 Durocortomm
917 2763 1080 2823 Remorum
1103 2760 1237 2833 reducit,

215 2846 397 2926 concilioque
423 2847 455 2908 iu
484 2866 551 2908 eum
579 2847 676 2910 locum
698 2849 818 2911 Galliae
839 2850 951 2911 indicto
975 2849 1012 2908 de
1032 2846 1239 2909 coniuratione

171 2962 201 3001 ³0
216 2930 368 2995 Senonum
391 2942 421 2994 et
443 2933 611 2995 Carnutum
634 2937 841 3014 quaestionem
862 2937 973 2997 habere
994 2933 1126 2995 instituit
1149 2934 1238 2996 etde

214 3018 352 3092 Accone,
387 3020 438 3100 qni
465 3020 604 3101 princeps
633 3021 695 3083 eius
718 3023 835 3085 consilii
856 3024 968 3096 fuerat,
1003 3020 1140 3101 graviore
1163 3039 1236 3081 sen-

214 3106 311 3167 tentia
348 3107 544 3185 pronuntiata
584 3127 665 3169 more
704 3109 848 3171 maiorum
887 3107 1063 3187 sup'plicium
1096 3106 1237 3186 sumpsit.

213 3192 360 3254 Nonnulli
386 3193 527 3255 iudicium
553 3193 643 3256 veriti
670 3197 875 3276 profugerunt.
925 3192 1132 3264 Quibuscum
1156 3212 1238 3273 aqua

215 3287 306 3360 atque
332 3280 394 3360 igni
416 3279 638 3355 interdixisset,
668 3283 743 3344 duas
766 3282 900 3362 legiones
923 3281 1061 3342 adfines
1084 3280 1237 3340 Trevero-

170 3395 198 3433 rs
213 3385 294 3440 rum,
324 3368 399 3429 duas
422 3367 452 3427 iu
474 3366 677 3447 Lingonibus,
706 3387 760 3430 sex
782 3368 913 3446 reliquas
936 3367 967 3428 in
991 3365 1142 3428 Senonum
1164 3365 1237 3427 fini-

212 3453 269 3514 bus
296 3452 445 3533 Agedinci
466 3454 497 3514 iu
520 3453 651 3515 hibernis
674 3454 841 3516 conlocavit
862 3455 1068 3534 frumentoque
1090 3452 1237 3516 exercitui

212 3540 350 3617 proviso,
379 3549 413 3600 ut
433 3540 624 3614 instituerat,
652 3541 683 3601 in
705 3541 826 3603 Italiam
850 3541 890 3602 ad
912 3549 1077 3603 conventus
1101 3540 1237 3619 agendos

212 3627 361 3703 proiectus
384 3635 440 3688 est.
