2616 4492
252 242 317 291 vm

252 389 366 445 eandem
388 385 577 441 auctoritatem
598 385 702 440 habere
722 391 807 455 atque
828 387 947 456 reliquos
969 385 1089 456 integros
1112 392 1140 439 et
1162 386 1277 438 deterio-

251 491 295 531 res
323 491 358 527 cx
385 475 480 527 eodem
506 473 583 526 fonte
603 474 699 525 ductos
721 471 792 525 inter
814 489 843 525 se
864 471 1075 534 consentientes,
1109 479 1138 525 et
1164 479 1277 541 propter

251 560 337 631 ipsius
370 559 468 614 codicis
500 559 698 628 praestantiam
732 558 815 626 paulo
849 558 932 612 etiam
958 558 1110 611 maiorem.”
1152 560 1276 629 Integros

213 667 217 674 ·
251 647 299 702 ille
320 646 425 716 primae
448 645 542 699 classis
563 645 668 699 codices
690 645 828 714 appellat,
851 645 1029 715 interpolatos
1052 647 1200 706 secundae,
1223 650 1276 698 ter·

250 733 307 787 tiae
327 737 421 786 autem
444 731 598 785 deteriores.
642 731 764 784 Alterius
787 731 955 802 integrorum
969 731 1070 800 partis,
1093 748 1175 800 quam
1197 748 1275 800 prae·

250 819 411 874 stantiorem
439 835 499 871 esse
520 819 596 880 vult,
623 819 903 871 Amstelodamensem
930 819 1019 870 solum
1039 817 1180 887 cognovit,
1207 819 1275 870 alte-

250 905 308 959 rius
341 909 435 959 autem
461 903 578 973 primum
606 903 759 957 Parisinum
785 909 814 956 et
839 904 1004 958 Vossianum
1031 909 1060 956 et
1080 904 1276 958 Vratislavien·

250 1009 322 1055 scm,
355 990 402 1060 qui
428 1007 501 1044 anno
531 992 639 1043 demum
665 988 745 1043 1475
770 990 886 1059 scriptus
910 995 964 1053 est,
998 995 1081 1059 atque
1102 990 1195 1051 illum,
1229 990 1274 1059 qui

251 1095 305 1148 quo
326 1075 482 1146 pervenerit
502 1076 634 1129 incertum
656 1082 712 1139 est,
732 1077 958 1146 Egmondanum,
982 1075 1058 1129 cuius
1081 1075 1109 1128 in
1124 1075 1275 1145 exemplari

249 1162 409 1217 Fabriciano
436 1166 528 1217 exstat
556 1163 691 1232 quaedam
722 1162 840 1217 collatio.
888 1163 941 1216 Hic
970 1179 1078 1232 quoque
1106 1179 1199 1214 recens
1221 1168 1274 1222 est;

250 1265 368 1318 namque
389 1266 432 1303 an.
458 1247 539 1302 1345
563 1248 678 1317 scriptus
701 1265 760 1301 esse
781 1249 873 1303 fertur.

314 1337 382 1390 Cum
404 1334 537 1405 singulari
558 1335 668 1389 fortuna
689 1333 716 1386 id
733 1334 798 1388 mihi
813 1334 983 1432 contigisset,
1005 1338 1037 1387 ut
1051 1332 1168 1403 publicis
1183 1350 1275 1402 sump-

249 1421 323 1475 tibus
356 1438 406 1490 per
439 1422 507 1473 duos
540 1437 625 1473 annos
659 1419 686 1472 in
714 1420 830 1474 Italia'
823 1421 945 1491 inprimis
973 1425 1056 1490 atque
1078 1419 1169 1473 Gallia
1191 1420 1275 1472 libros

248 1524 310 1561 mss.
333 1512 392 1560 tum
424 1505 546 1562 Caesaris
574 1512 633 1559 tum
659 1505 730 1560 Livii
758 1524 916 1576 quaererem
944 1511 973 1558 et
1000 1507 1208 1567 conlustrarem,
1236 1505 1275 1559 ita

249 1610 312 1659 eum
340 1595 460 1647 laborem
483 1591 679 1646 instituendum
702 1592 808 1655 censui,
842 1598 874 1646 ut
902 1591 1118 1660 antiquissimum
1140 1608 1275 1660 quemque

249 1678 368 1733 codicem
389 1681 471 1748 plene
493 1679 643 1732 conferrem
664 1683 749 1748 atque
772 1695 805 1732 ea
827 1696 898 1747 quae
919 1679 1045 1747 primitus
1067 1678 1169 1746 scripta
1184 1682 1275 1730 essent

249 1782 331 1836 quam
364 1764 572 1838 diligentissime
599 1767 771 1834 explorarem
798 1765 1031 1833 discerneremque
1059 1765 1095 1817 ab
1123 1763 1169 1825 iis,
1203 1780 1275 1833 quae

248 1855 345 1922 postea
367 1853 403 1905 ad
425 1850 568 1905 arbitrium
589 1851 691 1920 passim
713 1851 879 1907 adlerissent
901 1856 1072 1904 correctores.
1115 1854 1156 1902 Ac
1178 1851 1274 1903 Gaesa-

247 1937 285 1990 ris
307 1938 411 1991 bellum
434 1936 571 1991 Gallicum
594 1936 761 1990 continentes
784 1937 867 1991 libros
890 1942 919 1989 et
940 1938 1046 2006 pridem
1068 1935 1205 1989 adhibitos
1228 1938 1275 1988 de·

248 2039 303 2076 nuo
324 2022 490 2092 perlustrari
512 2028 540 2074 et
561 2023 678 2075 latentes
701 2022 861 2094 ignotosque
882 2022 1008 2093 produxi.
1045 2023 1148 2075 Eorum
1170 2027 1202 2074 ut
1223 2023 1274 2074 Pa-

248 2107 361 2162 risiuum
382 2114 411 2162 et
431 2109 585 2162 Romarmm
607 2106 702 2161 ceteris
725 2107 882 2180 integritate
903 2107 1123 2177 praestabiliores
1151 2108 1274 2176 repperi,

247 2195 297 2248 hos
319 2194 424 2265 primae
446 2193 539 2247 classis
561 2193 658 2263 prioris
681 2194 781 2248 ordinis
797 2214 855 2249 esse
870 2193 1011 2256 constitui,
1033 2192 1189 2262 posterioris
1210 2211 1274 2246 vero

247 2282 529 2335 Amstelodamcnsem
551 2285 592 2343 et,
615 2297 695 2349 quem
708 2281 820 2334 Parisiis
835 2281 940 2343 inveni,
962 2280 1174 2334 Moisiacensem.
1202 2280 1275 2333 Nam

247 2365 397 2420 Vossianus
426 2365 528 2420 mixtus
561 2371 616 2429 est,
645 2367 715 2420 alius
743 2372 836 2421 autem
858 2368 945 2420 codex
966 2366 1170 2437 antiquissimus
1192 2367 1275 2418 valde

247 2451 360 2506 mutilus
383 2452 550 2521 divulsisque
572 2457 679 2506 tantum
701 2453 842 2523 particulis
866 2454 1016 2515 confectum
1049 2457 1170 2505 recentes
1199 2452 1274 2505 deni·

248 2554 302 2608 que
323 2537 381 2600 isti,
416 2555 529 2607 quorum
552 2556 636 2610 supra
657 2539 821 2593 mentionem
848 2540 912 2603 feci,
945 2556 1013 2610 prae
1040 2539 1094 2592 illis
1118 2536 1195 2607 parvi
1217 2556 1273 2590 mo·

247 2624 331 2677 menti
353 2641 413 2678 esse
433 2624 566 2689 iudicavi,
589 2644 620 2678 eo
642 2625 728 2697 magis
751 2645 813 2681 cum
834 2627 881 2680 ubi
902 2627 1021 2680 maxime
1043 2643 1111 2694 opus
1126 2629 1198 2676 esset
1211 2641 1273 2677 raro

246 2708 351 2778 aliquid
385 2713 419 2762 de
451 2728 544 2764 eorum
577 2712 716 2782 scripturis
744 2715 863 2767 relatum
890 2712 1045 2767 invenirem.
1090 2711 1121 2763 In
1150 2709 1274 2764 dissensu

246 2794 332 2866 igitur
352 2795 495 2867 utriusque
517 2797 633 2861 ordinis,
656 2799 817 2867 praesertim
839 2797 861 2850 si
883 2815 933 2868 per
955 2816 984 2851 se
1007 2814 1095 2867 aeque
1117 2796 1273 2865 probabiles

246 2887 337 2935 essent
358 2881 533 2952 scriptiones,
560 2884 677 2954 priorem
704 2884 782 2938 illum
809 2884 868 2938 sine
894 2885 953 2938 ulla
976 2883 1147 2937 dubitatione
1168 2882 1274 2949 praefe-

245 2969 360 3021 rendum
383 2968 465 3032 duxi,
487 2973 571 3040 atque
595 2973 630 3023 ad
653 2971 749 3024 horum
771 2970 889 3024 maxime
911 2972 1053 3025 amborum
1074 2968 1196 3022 codicum
1212 2985 1273 3020 nor·

246 3069 319 3108 mam
345 3055 528 3108 restituendos
556 3074 615 3110 esse
636 3058 685 3109 hos
708 3056 790 3110 libros
812 3057 941 3111 Caesaris.
985 3058 1072 3111 Paulo
1101 3054 1211 3123 quidem
1233 3053 1273 3106 in·

245 3141 349 3212 tegrior
370 3146 517 3211 astatque
539 3144 574 3195 ob
597 3159 656 3196 eam
678 3160 737 3197 reni
760 3143 868 3198 maioris
889 3144 953 3197 fidei
974 3141 1126 3202 Parisinus,
1154 3140 1202 3190 sed
1224 3140 1273 3193 ubi

246 3225 291 3279 hic
323 3227 443 3281 iacturas
475 3227 541 3281 fecit
573 3246 694 3282 summae
722 3230 841 3284 omnium
871 3227 1040 3282 auctoritatis
1064 3231 1105 3277 est
1125 3225 1272 3280 Romanus.

246 3315 376 3367 Attamen
410 3331 472 3367 oum
504 3315 546 3368 liis
573 3318 735 3386 plerumque
764 3315 937 3369 consentiunt
963 3311 1222 3366 Amstelodamensis
1245 3320 1273 3364 et

246 3507 359 3558 cernitur
384 3509 425 3559 bio
449 3524 588 3560 consensus
611 3511 717 3560 alterins
735 3509 892 3571 integrorum
910 3505 991 3567 partis
1010 3509 1035 3553 et
1052 3505 1270 3567 interpolatorum.

246 3574 303 3625 Iam
329 3576 392 3626 setis
419 3579 467 3627 erit
485 3579 656 3629 observavisse
679 3574 876 3640 Nipperdeium,
904 3573 971 3636 quod
994 3574 1034 3621 vel
1052 3574 1205 3637 ignoraverit
1224 3574 1270 3623 hos

246 3643 345 3694 codices
372 3648 514 3696 consentire
541 3647 581 3696 vel
605 3660 695 3708 reapse
718 3645 745 3693 in
764 3642 845 3692 verbis
864 3642 948 3690 minus
966 3641 1063 3690 idoneis
1082 3643 1269 3692 consentientes

245 3712 385 3771 invenerit,
409 3727 442 3764 ne
464 3729 515 3765 uno
537 3714 640 3779 quidem
658 3726 745 3764 eorum
763 3712 876 3760 locorum
894 3725 952 3760 eum
969 3710 1021 3759 illis
1039 3710 1127 3759 facere.
1164 3709 1268 3760 Schnei-

244 3779 332 3829 demm
350 3788 451 3840 eontra,
476 3783 564 3846 quiin
582 3783 728 3831 universum
745 3794 797 3829 non
815 3784 917 3829 tantum
936 3779 980 3828 isti
998 3780 1157 3829 consensioni
1174 3780 1267 3828 tribue·

244 3848 292 3906 rit,
318 3851 449 3900 nonnullis
473 3850 609 3902 eorundem
631 3853 670 3909 (ut
687 3843 730 3907 74,
744 3848 790 3906 21;
810 3845 912 3908 92‚37;
933 3847 991 3904 105,
1004 3848 1050 3906 183
1072 3845 1188 3906 13a30;
1207 3845 1266 3906 135,

245 3916 290 3982 42)
308 3917 340 3968 ed
358 3917 406 3970 hos
423 3919 501 3970 libros
520 3917 649 3981 scriptoris
667 3917 742 3968 verbe
759 3916 953 3968 conformavisse
970 3917 1115 3981 reperimus.
