2616 4492
454 292 524 340 ma
541 293 615 341 v111.
638 292 716 340 cnr.
730 275 826 341 o-e
1089 277 1148 341 151

133 449 204 491 eum
231 430 340 512 exigua
361 439 424 492 tum
447 431 573 494 disiecta
600 440 696 505 esset,
723 439 755 493 et
774 429 1006 493 frumentatione
1027 439 1058 492 et
1078 431 1151 494 reli-

134 536 194 596 quo
218 526 387 578 commeatu
409 536 447 578 ex
468 518 586 579 insidiis
607 518 765 598 prohibere
785 517 949 580 Romanos.

201 598 288 671 Quae
315 603 429 665 Caesar
456 604 708 665 consentientibus
736 604 871 684 pluribus
898 620 965 664 eum
992 605 1180 682 cognosset8

135 697 226 768 atque
253 708 305 760 ea,
339 709 415 770 quae
441 701 689 769 proponerentur,
717 689 842 751 consilia
866 689 956 769 plena
977 688 1152 768 prudentiae

134 774 280 855 longeque
303 794 323 836 a
344 776 514 837 temeritate
535 777 730 839 barbarorum
756 783 872 838 remota
897 794 963 836 esse
988 773 1179 850 iudicaret,e

134 861 272 922 omnibus
299 863 390 922 rebus
415 861 638 924 inserviendum
665 862 789 936 statuit,
817 881 876 942 quo
903 860 1026 923 celerius
1048 860 1150 922 hostes

132 955 308 1026 contempta
335 967 456 1009 snorum
483 949 635 1028 paucitate
662 949 819 1029 prodirent
838 949 870 1008 in
891 948 994 1009 aciem.
1039 946 1151 1028 Singu-

133 1032 207 1094 laris
241 1033 321 1094 enim
352 1034 473 1096 virtutis
506 1035 683 1097 veterrimas
716 1035 846 1115 legiones
874 1049 942 1108 v11,
965 1049 1047 1105 vm,
1070 1048 1151 1096 vnn

133 1120 283 1192 habebat,
317 1139 452 1182 summae
479 1122 544 1201 spei
572 1122 764 1202 delectaeque
790 1120 953 1182 iuventutis
985 1135 1040 1195 x1‚
1074 1138 1151 1200 quae

132 1214 243 1267 octavo
265 1206 327 1267 iam
349 1207 499 1286 stipendio
521 1216 622 1269 tamen
644 1209 676 1269 in
693 1208 860 1269 conlatione
875 1207 1055 1286 reliquarum
1071 1225 1149 1268 non·
1165 1232 1193 1271 ro

132 1292 206 1354 dum
228 1294 354 1354 eandem
375 1295 537 1355 vetustatis
560 1313 596 1356 ae
609 1295 731 1356 virtutis
745 1301 865 1374 ceperat
879 1292 1057 1372 opinionem.
1084 1293 1150 1354 Ita-

133 1397 191 1458 que
212 1378 334 1441 oonsilio
357 1381 505 1441 advocato
528 1381 619 1442 rebus
640 1381 694 1453 iis,
723 1399 800 1460 quae
822 1380 862 1440 ad
883 1397 916 1439 se
939 1387 1041 1438 essent
1063 1377 1149 1439 dela-

132 1472 199 1536 tae,
222 1465 359 1526 omnibus
383 1466 528 1545 expositis
551 1466 668 1528 animos
690 1465 889 1528 multitudinis
911 1463 1078 1525 confirmat
1115 1462 1150 1525 Si

133 1551 211 1622 torte
232 1551 337 1613 hostes
360 1551 449 1612 trium
471 1551 620 1631 legionum
642 1572 766 1613 numero
788 1560 892 1631 posset
913 1551 1017 1611 elicere
1039 1550 1078 1611 ad
1101 1550 1149 1610 di-

132 1637 319 1710 micandum,
353 1637 480 1717 agminis
513 1638 647 1699 ordinem
678 1638 724 1699 ita
755 1637 923 1708 constituit,
957 1644 992 1696 ut
1017 1635 1191 1714 legionesa

134 1737 198 1794 vn,
226 1737 303 1796 vul,
331 1738 412 1783 vnn
439 1733 510 1783 ante
545 1724 644 1785 omnia
676 1724 756 1785 irent
786 1723 1014 1802 impedimenta,
1042 1722 1149 1783 deinde

132 1807 266 1869 omnium
288 1808 564 1888 impedimentorum
588 1828 691 1889 agmen
714 1845 758 1855 -
780 1810 859 1889 quod
880 1817 984 1868 temen
1004 1816 1070 1868 erat
1083 1827 1149 1869 me-

132 1893 249 1966 diocre,
282 1902 318 1955 ut
348 1894 381 1955 in
408 1896 646 1974 expeditionibus
680 1914 746 1956 esse
778 1893 935 1955 consuevit
961 1926 1004 1941 -
1030 1903 1149 1974 cogeret

132 1979 304 2052 undecima,
332 2000 370 2042 ne
392 1982 515 2043 maioris
537 1981 737 2043 multitudinis
759 1980 874 2061 speeies
898 1979 1029 2041 accidere
1049 1980 1149 2041 hosti-

131 2065 188 2126 bus
211 2075 330 2144 posset,
354 2086 443 2147 quam
464 2068 523 2147 ipsi
546 2068 800 2147 depoposcissent
833 2068 901 2129 Hae
922 2066 1038 2127 ratione
1053 2086 1149 2145 paene
1162 2097 1191 2136 ω

131 2153 280 2232 quadrato
314 2153 433 2233 agmine
465 2154 611 2216 instructo
639 2153 670 2215 in
697 2162 887 2234 conspectum
914 2153 1045 2214 hostium
1068 2154 1149 2214 eele-

131 2238 194 2299 rius
217 2238 357 2318 opinione
379 2259 481 2302 eorum
505 2241 664 2303 exereitum
688 2241 818 2303 adducit.

195 2324 272 2387 Cum
299 2335 421 2406 repente
447 2327 611 2389 instructas
637 2327 722 2389 velut
745 2327 776 2388 in
799 2326 862 2388 acie
883 2334 963 2387 certo
986 2327 1080 2406 gradu
1101 2324 1178 2390 le-9

131 2409 234 2490 giones
256 2414 398 2475 accedere
421 2412 504 2475 Galli
526 2415 678 2487 viderent,
706 2432 831 2493 quorum
854 2419 941 2474 erant
968 2413 1008 2473 ad
1033 2411 1148 2473 Caesa-

131 2516 195 2558 rem
217 2497 308 2578 plena
329 2500 455 2562 fiduciae
477 2501 604 2562 consilia
625 2501 759 2580 perlata,
783 2500 847 2560 sive
870 2498 1042 2560 certaminis
1065 2497 1147 2578 peri-
1161 2530 1189 2569 ,5

131 2583 198 2644 culo
221 2584 286 2646 sive
309 2587 409 2647 subito
431 2588 564 2648 adventu
587 2607 641 2649 seu
664 2586 888 2666 exspectatione
914 2585 1009 2646 nostri
1032 2583 1148 2646 consilii

130 2669 234 2748 copias
260 2670 413 2734 instmunt
439 2692 495 2751 pro
522 2672 630 2735 eastris
653 2692 708 2734 nee
728 2673 793 2734 loeo
816 2671 968 2751 superiore
991 2672 1147 2732 decedunt.

130 2753 246 2815 Caesar
273 2757 331 2817 etsi
353 2758 493 2819 dimicare
516 2767 689 2838 optaverat,
718 2767 820 2819 tamen
843 2757 1007 2819 admiratus
1029 2765 1147 2817 tantam

130 2839 352 2902 multitudinem
379 2842 511 2904 hostium
538 2844 619 2905 valle
640 2844 815 2905 intermissa
836 2843 932 2922 magis
953 2843 985 2904 in
1009 2842 1148 2904 altitudi-

131 2944 200 2985 nem
232 2925 378 3006 depressa
405 2946 497 3006 quarn
523 2928 585 2990 late
612 2937 737 3008 patente
764 2937 866 2990 eastra
888 2929 995 2989 eastris
1016 2928 1147 2990 hostium
1161 2962 1190 3000 ω

131 3012 255 3072 confert.
304 3012 389 3073 Haeo
419 3013 549 3092 imperat
578 3014 660 3076 vallo
693 3016 801 3094 pedum
835 3015 989 3076 duodecim
1023 3014 1146 3086 muniri,

129 3097 285 3158 loriculam
307 3116 360 3177 pro
382 3098 440 3158 hae
460 3099 579 3160 ratione
599 3099 662 3160 eius
677 3100 845 3161 altitudinis
860 3099 1058 3173 inaedificari,
1081 3100 1147 3160 los-

130 3203 197 3246 sam
230 3183 377 3263 duplicem
410 3185 520 3263 pedum
553 3184 675 3264 quinum
710 3187 817 3247 denum
849 3185 994 3246 lateribus
1023 3184 1148 3264 deprimi

129 3270 267 3345 directis,
291 3278 388 3332 turres
412 3269 533 3332 excitari
556 3271 676 3332 crebras
698 3271 730 3332 in
752 3271 938 3333 altitudinem
960 3286 1001 3331 111
1023 3270 1146 3332 tabula-

131 3366 246 3431 torum,
269 3357 411 3436 pontibus
433 3356 567 3418 traiectis
594 3357 815 3437 constratisque
841 3355 992 3435 coniungi,
1022 3375 1146 3435 quorum
1160 3392 1188 3430 ,5

129 3445 244 3505 frontes
271 3443 403 3505 viminea
429 3443 555 3504 loricula
582 3443 777 3517 munirentur,
805 3452 840 3505 ut
866 3444 904 3505 ab
926 3442 1066 3503 hostibus
1088 3443 1146 3502 dn-

130 3529 199 3608 pliei
225 3530 325 3601 fossa,
359 3530 469 3610 duplici
495 3538 752 3611 propugnatorum
780 3531 884 3592 ordine
907 3529 1146 3601 defenderentur,

130 3634 256 3694 quorum
288 3616 366 3677 alter
400 3635 437 3677 ex
468 3617 627 3696 pontibus,
663 3635 722 3696 quo
750 3617 841 3679 tutior
869 3614 1027 3677 altitudine
1051 3623 1146 3687 esset,

129 3701 186 3762 hoo
208 3702 350 3764 audacius
373 3703 548 3783 longiusque
570 3701 758 3782 permitteret
778 3702 856 3775 tela,
886 3702 972 3772 alter,
1002 3699 1052 3779 qui
1073 3720 1146 3780 pro-

129 3786 196 3863 pior
228 3787 346 3848 hostem
378 3789 409 3849 in
443 3788 525 3850 vallo
558 3789 729 3850 conlocatus
761 3799 857 3862 esset,
891 3795 982 3867 ponte
1009 3787 1047 3847 ab
1070 3786 1146 3848 inei-
1162 3829 1190 3868 40

130 3872 271 3934 dentibus
304 3875 373 3936 telis
401 3883 560 3955 tegeretur.
610 3875 710 3936 Portis
738 3876 816 3937 fores
844 3874 1026 3953 altioresque
1049 3880 1145 3935 turres

130 3956 282 4038 imposuit.
