2616 4492
444 279 514 326 uns.
530 279 592 327 vu.
615 279 692 326 cae.
706 261 845 325 40-45.
1091 260 1156 327 127

196 419 322 497 Interim
349 418 454 481 nuntio
482 418 592 493 allato,
627 437 728 480 omnes
755 436 856 479 eorum
879 415 988 486 milites
1009 416 1041 479 in
1062 425 1197 497 pote-43

133 514 215 568 state
236 505 377 569 Caesaris
400 505 512 579 teneri,
535 513 714 568 concurrunt
736 505 776 565 ad
796 502 963 576 Aristium,
997 503 1071 565 nihil
1092 524 1152 585 pu-

132 592 210 655 blico
232 593 346 654 lactum
373 591 496 654 consilio
525 593 749 664 demonstrant3
778 589 984 671 quaestionem
1007 590 1153 654 debonis

133 679 259 758 direptis
288 680 466 752 decernunt,
499 677 647 739 Litavicci
672 678 858 757 fratrumque
879 677 959 738 bona
981 676 1153 756 publicant,

131 765 249 844 legatos
277 766 318 827 ad
345 764 519 826 Caesarem¹
537 765 583 826 sui
605 763 752 845 purgandi
775 763 872 844 gratia
894 763 1025 824 mittunt.
1069 764 1183 828 Haece

130 851 247 913 iaciunt
279 851 540 932 reciperandorum
573 870 696 912 suorum
729 866 837 922 causa3
871 848 923 910 sed
956 849 1155 912 contaminati

130 937 262 1003 iocinore
295 946 326 998 et
353 938 433 1018 capti
460 937 636 1017 compendio
664 956 703 998 ex
730 936 854 1017 direptis
877 935 980 1010 bonis,
1015 937 1096 1016 quod
1118 956 1155 999 ea

131 1043 181 1086 res
204 1025 244 1085 ad
266 1023 377 1085 multos
399 1024 587 1104 pertinebat,
611 1024 719 1091 timore
741 1042 856 1102 poenae
880 1023 1014 1085 exterriti
1029 1018 1155 1085 consilia

131 1110 210 1172 clam
234 1112 270 1172 de
292 1110 371 1172 bello
393 1109 468 1172 inire
490 1109 637 1190 incipiunt
660 1109 857 1188 civitatesque
880 1109 1011 1189 reliquas
1026 1110 1154 1190 legatio-

132 1196 222 1258 nibus
249 1196 422 1258 sollicitant.
468 1194 554 1266 Quae
576 1196 700 1258 tametsi
723 1194 837 1257 Caesar
858 1195 1067 1276 intellegebat,
1102 1205 1153 1258 ta-
1168 1223 1198 1261 ιο

131 1302 201 1344 men
234 1302 325 1363 quam
357 1282 515 1344 mitissime
547 1291 648 1362 potest
680 1281 796 1363 legatos
829 1280 977 1361 appellat:
1014 1281 1088 1343 nihil
1105 1302 1154 1356 ¹se

131 1377 256 1449 propter
277 1369 466 1431 inscientiam
488 1368 703 1449 levitatemque
724 1368 806 1449 vulgi
828 1368 950 1449 gravius
972 1368 1009 1428 de
1031 1367 1154 1432 civitate

131 1455 264 1518 iudicare
286 1474 382 1535 neque
404 1457 441 1517 de
465 1475 521 1517 sua
542 1455 574 1516 in
595 1454 721 1517 Aeduos
742 1453 954 1516 benevolentia
975 1453 1154 1519 deminuere.

131 1541 204 1621 Ipse
226 1542 369 1603 maiorem
392 1540 512 1602 Galliae
534 1551 648 1603 motum
671 1550 866 1621 exspectans,
895 1560 933 1602 ne
956 1540 995 1601 ab
1018 1540 1155 1605 omnibus

131 1628 306 1690 civitatibus
326 1627 604 1703 circumsisteretur,
628 1626 754 1688 consilia
766 1626 879 1699 inibat,
903 1627 1155 1706 quemadmodum
1169 1654 1198 1693 ιι
1295 1706 1296 1710 ¹

132 1733 153 1775 a
175 1713 328 1794 Gergovia
349 1713 516 1774 discederet
537 1732 573 1774 ac
593 1732 697 1774 musus
720 1732 838 1774 omnem
854 1712 1015 1773 exercitum
1031 1722 1155 1775 contra-

132 1801 234 1872 heret,
262 1819 300 1861 ne
326 1799 471 1878 profectio
494 1807 568 1860 nata
590 1801 629 1861 ab
652 1799 759 1860 timore
782 1798 954 1860 delectionis
977 1797 1083 1861 similis
1104 1800 1155 1861 lu-

134 1905 191 1966 gae
213 1885 377 1947 videretur.

199 1973 285 2033 Haec
306 1970 450 2052 cogitanti
472 1970 606 2033 accidere
628 1969 697 2031 visa
718 1979 765 2033 est
784 1970 915 2032 facultas
936 1970 1013 2032 bene
1034 1970 1078 2032 rei
1101 1982 1199 2052 ge-44

135 2059 257 2120 rendae.
312 2059 392 2120 Nam
425 2077 491 2119 cum
519 2058 551 2118 in
573 2056 691 2118 minora
712 2065 815 2119 castra
837 2056 937 2136 operis
957 2057 1200 2137 perspiciendis»

81 2143 84 2153 '
132 2165 227 2206 causa
248 2144 397 2219 venisset,
421 2143 635 2207 animadvertit
649 2142 770 2219 collem,
793 2143 845 2224 qui
860 2144 900 2204 ab
915 2144 1051 2206 hostibus
1066 2153 1154 2207 tene-

133 2233 234 2304 batur,
268 2233 414 2293 nudatum
446 2230 633 2302 hominibus,
668 2229 718 2310 qui
745 2229 951 2309 superioribus
978 2231 1081 2292 diebus
1104 2230 1155 2293 vix

134 2338 207 2397 prae
230 2318 419 2380 multitudine
441 2317 521 2378 cerni
542 2323 672 2397 poterat
706 2315 884 2378 Admiratus
900 2315 1018 2397 quaerit
1033 2337 1071 2378 ex
1085 2335 1155 2397 per-

133 2405 211 2484 fugis
239 2424 376 2477 causam,
410 2423 536 2484 quorum
559 2421 685 2484 magnus
709 2402 748 2464 ad
770 2422 838 2482 eum
860 2402 991 2483 quotidie
1013 2422 1154 2466 numems

133 2491 311 2553 confluebat
356 2491 527 2553 Constabat
548 2489 628 2552 inter
650 2508 770 2564 omnes,
804 2489 967 2569 quodiam
988 2490 1053 2570 ipse
1075 2490 1199 2557 Cae-as

135 2596 186 2637 sar
218 2597 271 2656 per
299 2577 505 2657 exploratores
534 2584 731 2656 cognoverat,
765 2576 887 2638 dorsum
915 2575 981 2638 e'sse
1009 2576 1073 2638 eius
1094 2576 1156 2657 iugi

133 2682 228 2743 prope
249 2681 404 2741 aequum,
418 2664 472 2724 sed
492 2662 571 2725 huuc
592 2662 761 2725 silvestrem
783 2671 814 2723 et
828 2671 1004 2742 angustum,
1028 2682 1089 2742 qua
1103 2682 1156 2724 es-

134 2758 183 2809 set
215 2749 314 2810 aditus
348 2749 388 2809 ad
420 2748 547 2810 alteram
574 2747 837 2828 partem-oppidi3
871 2747 1062 2823 vehementer
1086 2749 1157 2813 huic

134 2833 204 2893 illos
226 2833 291 2894 loeo
313 2833 419 2895 timere
441 2852 496 2894 nec
517 2832 580 2894 iam
601 2834 690 2897 aliter
712 2833 840 2907 sentire,
863 2853 923 2895 uno
946 2834 1020 2897 colle
1034 2836 1074 2896 ab
1088 2836 1155 2898 Ro-

135 2918 233 2980 manis
256 2918 449 2998 occupatosi
471 2917 597 2979 alterum
620 2919 809 2993 amisissent,
833 2919 904 3001 quin
918 2921 1156 3000 paenecircum-
1169 2948 1200 2987 so

135 3003 244 3066 vallati
277 3012 368 3085 atque
401 3003 482 3065 omni
515 3003 599 3065 exitu
626 3013 657 3066 et
677 3005 871 3084 pabulatione
893 3005 1047 3088 interclusi
1068 3008 1156 3070 vida-

135 3100 254 3154 rentur:
278 3091 418 3152 adhunc
440 3088 634 3150 muniendum
656 3110 759 3152 omnes
782 3111 803 3153 a
823 3091 1067 3173 Vercingetorige
1082 3113 1156 3155 evo-

134 3187 230 3240 catos.
274 3178 342 3239 Hac
374 3196 407 3239 re
434 3175 554 3256 cognita
581 3174 696 3237 Caesar
717 3175 811 3239 mittit
832 3176 1000 3257 complures
1023 3179 1200 3260 equitumtt

134 3276 266 3338 turmas3
290 3263 333 3325 eis
357 3264 394 3325 de
416 3262 517 3324 medie
539 3269 625 3329 nocte
646 3261 791 3342 imperat,
821 3272 855 3324 ut
875 3263 967 3343 paulo
989 3265 1157 3327 tumultuo-

135 3351 199 3413 sius
228 3351 366 3413 omnibus
388 3349 461 3411 locis
484 3356 678 3428 vagarentur.
722 3348 827 3410 Prima
847 3349 913 3411 luce
935 3370 1076 3430 magnum
1098 3370 1157 3413 nu·
1170 3377 1200 3421 ss

135 3457 251 3499 merum
282 3436 561 3516 impedimentorum
595 3453 633 3495 ex
665 3434 774 3496 castris
802 3435 1008 3517 mulorumque
1035 3438 1158 3517 produci

136 3533 227 3604 atque
258 3523 296 3586 iis
330 3531 498 3593 stramenta
527 3521 646 3584 detrahi
673 3520 877 3603 mulionesque
898 3541 966 3584 cum
989 3522 1157 3587 cassidibus

136 3611 270 3690 equitum
303 3609 402 3690 specie
435 3628 471 3670 ac
499 3608 689 3670 simulatione
717 3607 842 3671 collibus
864 3608 1043 3671 circumvehi
1064 3609 1157 3674 iubet

136 3697 195 3759 His
228 3715 339 3777 paucos
362 3695 448 3758 addit
470 3695 601 3775 equites,
635 3695 686 3776 qui
713 3693 804 3756 latius
832 3691 1044 3758 ostentationis
1066 3716 1158 3761 causa

137 3792 328 3864 vagarentur.
371 3782 476 3863 Longo
510 3781 649 3843 circuitu.
667 3782 788 3843 easdem
822 3801 924 3844 omnes
951 3781 1035 3845 iubet
1055 3793 1203 3864 peterem

138 3870 283 3950 regiones.
326 3868 413 3930 Haec
438 3868 542 3949 procul
569 3887 607 3929 ex
628 3867 736 3948 oppido
759 3867 949 3942 videbantur,
982 3878 1018 3931 ut
1044 3880 1111 3933 erat
1138 3891 1158 3934 a

138 3955 290 4036 Gergovia
316 3955 472 4035 despectus
499 3954 531 4016 in
554 3963 671 4029 castra,
704 3973 801 4033 neque
822 3963 915 4018 tento·
932 3955 1050 4036 spatio,
1083 3957 1156 4020 certi
