2616 4492
456 294 527 341 ure.
543 294 565 339 1.
589 292 667 341 cnr.
681 274 820 339 ‹lt-52.
1014 339 1018 348 ,
1110 276 1152 339 at

196 433 338 495 Proximo
372 431 421 495 die
451 432 591 495 instituto
623 452 679 494 suo
707 430 822 493 Caesar
849 430 996 492 ecastris
1017 430 1153 512 utrisque
1161 449 1197 501 so

132 519 235 600 copias
269 539 341 581 suas
369 519 478 580 eduxit
503 518 687 598 paulumque
713 537 733 579 a
760 516 924 591 maioribus
946 516 1057 578 castris
1078 537 1153 597 pro-

132 626 256 687 gressus
278 606 372 667 aciem
393 605 552 681 instruxit,
574 605 714 666 hostibus
736 602 889 683 pugnandi
910 610 1091 681 potestatem
1106 605 1152 665 fo-

132 693 182 754 cit.
225 693 287 754 Ubi
320 711 358 753 ne
390 700 454 753 tum
482 691 600 771 quidem
623 710 674 752 eos
696 690 816 770 prodire
837 688 1002 761 intellexit,
1036 689 1154 752 circiter

131 779 286 840 meridiem
309 778 470 840 exercitum
492 777 524 838 in
545 786 648 839 castra
668 777 796 838 reduxit.
831 776 909 837 Tum
925 776 1043 836 demum
1058 775 1183 843 Ario-,³

131 865 231 927 vistus
253 873 371 944 partem
393 883 516 925 suarum
538 863 706 943 copiarum,
737 880 814 942 quae
836 870 936 923 castra
958 861 1074 924 minora
1096 882 1153 944 op-

131 959 295 1032 pugnaret,
328 950 420 1011 misit.
475 950 595 1012 Acriter
628 949 777 1028 utrimque
804 968 900 1028 usque
928 948 968 1009 ad
994 968 1153 1028 vesperum

131 1046 298 1118 pugnatum
321 1045 376 1098 est.
422 1035 503 1098 Solis
526 1056 633 1097 occasu
656 1055 728 1097 suas
750 1034 851 1113 copias
873 1033 1049 1097 Ariovistus
1072 1036 1153 1097 mul-

134 1123 173 1185 tis
206 1131 238 1185 et
269 1122 371 1184 inlatis
406 1131 436 1184 et
469 1123 607 1202 acceptis·
633 1121 808 1183 vulneribus
836 1121 867 1181 in
895 1130 997 1182 castra
1024 1121 1152 1184 reduxit.

135 1208 209 1271 Cum
232 1228 269 1270 ex
290 1209 417 1288 captivis
440 1219 599 1288 quaereret
620 1208 744 1281 Caesar,
767 1207 961 1287 quamobrem
976 1206 1154 1271 Ariovistus
1172 1236 1199 1277 ro

133 1295 245 1375 proelio
278 1315 339 1357 non
372 1297 555 1370 decertaret,
589 1296 668 1356 hanc
701 1294 869 1374 reperiebat
902 1313 1040 1367 causam,
1074 1295 1154 1374 quod

135 1384 213 1462 apud
246 1381 416 1443 Germanos
445 1401 482 1443 ea
509 1383 694 1443 consuetudo
717 1389 813 1453 esset,
846 1387 881 1440 ut
908 1380 1154 1443 matresfamiliae

134 1487 235 1530 eorum
250 1468 382 1530 sortibus
398 1477 429 1528 et
442 1468 707 1529 vaticinationibus
723 1466 925 1537 declararent,
948 1475 1048 1527 utrum
1062 1486 1154 1546 proe-

134 1554 204 1616 lium
232 1555 377 1615 committi
404 1573 442 1615 ex
462 1575 519 1615 usu
542 1563 698 1615 essetnec
721 1573 773 1628 ne;
807 1571 859 1613 eas
887 1552 931 1612 ita
954 1553 1065 1614 dicere:
1094 1572 1154 1614 non

135 1659 200 1703 esse
221 1642 269 1701 fas
292 1639 461 1701 Germanos
484 1659 640 1719 superare,
664 1640 691 1701 si
713 1648 784 1700 ante
807 1656 917 1698 novam
939 1637 1041 1699 lunam
1063 1658 1154 1718 proe-
1173 1668 1199 1705 m

136 1726 177 1787 lio
199 1726 431 1787 contendissent.

197 1811 348 1872 Postridie
377 1811 441 1871 eius
464 1810 523 1872 diei
545 1809 660 1871 Caesar
681 1810 864 1888 praesidium
887 1811 1023 1888 utrisque
1046 1810 1153 1871 castris
1163 1825 1195 1874 51

136 1899 214 1976 quod
237 1897 314 1958 satis
336 1916 403 1958 esse
425 1897 523 1957 visum
546 1905 593 1957 est
615 1895 750 1975 reliquit,
774 1916 877 1959 omnes
902 1896 1015 1957 alarios
1032 1895 1062 1956 in
1078 1916 1153 1957 con-

136 1993 239 2063 spectu
265 1983 397 2044 hostium
424 2003 479 2063 pro
502 1982 611 2044 castris
632 1982 796 2045 minoribus
819 1983 988 2055 constituit,
1017 2002 1074 2062 quo
1096 1983 1154 2044 mi-

135 2089 193 2131 nus
219 2069 409 2131 multitudine
441 2068 569 2130 militum
592 2068 827 2148 'legionariorum
855 2089 908 2149 pro
936 2068 1068 2131 hostium
1096 2089 1154 2131 nu·
1170 2094 1198 2132 oo

135 2175 215 2217 mero
249 2155 401 2228 valebat,
421 2165 455 2216 ut
488 2156 527 2216 ad
555 2155 684 2234 speciem
707 2155 809 2217 alariis
832 2165 980 2229 uteretur;
1008 2155 1073 2234 ipse
1096 2155 1154 2217 tri-

134 2242 203 2323 plici
224 2242 370 2304 instructa
393 2241 455 2303 acie
476 2261 571 2321 usque
588 2242 627 2302 ad
642 2251 744 2304 castra
758 2242 888 2304 hostium
905 2242 1040 2304 accessit.
1075 2243 1154 2303 Tum

136 2331 255 2390 demum
277 2328 446 2390 necessario
469 2327 614 2391 Germani
637 2347 708 2390 suas
731 2329 832 2408 copias
855 2329 963 2390 castris
987 2329 1155 2390 eduxerunt

134 2415 359 2494 generatimque
392 2416 612 2477 constituerunt
644 2416 766 2494 paribus
799 2415 967 2477 intervallis
995 2415 1153 2490 Harudes,

134 2502 362 2573 Marcomanos,
392 2501 553 2574 Tribocos,
581 2502 773 2580 Vangiones,
802 2502 962 2573 Nemetes,
992 2499 1152 2574 Sedusios,
1169 2526 1198 2564 aa

135 2586 269 2659 Suevos,
304 2606 478 2667 omnemque
506 2588 600 2649 aciem
630 2607 715 2648 suam
743 2590 822 2651 redis
851 2599 881 2650 et
904 2586 999 2650 carris
1023 2587 1152 2649 circum-

135 2674 296 2747 dederunt,
324 2693 361 2734 ne
384 2692 445 2752 qua
467 2693 536 2753 spes
558 2674 589 2734 in
612 2675 684 2752 luga
706 2675 931 2755 relinqueretur.
975 2673 1022 2734 Eo
1044 2674 1154 2735 mulie-

134 2779 183 2821 res
216 2760 436 2838 imposuerunt,
470 2779 547 2839 quae
574 2759 605 2819 in
632 2761 779 2838 proelium
807 2764 1026 2841 proficiscentes
1053 2761 1154 2839 passis

135 2846 274 2907 manibus
298 2845 404 2905 flentes
427 2844 645 2925 implorabant,
670 2866 707 2907 ne
730 2866 762 2908 se
784 2847 815 2908 in
837 2850 1015 2910 servitutem
1035 2847 1152 2909 Rorna-

134 2933 181 2992 nis
204 2933 366 2993 traderent.
1170 2949 1198 2987 ao

200 3018 315 3079 Caesar
336 3014 460 3095 singulis
482 3015 646 3095 legionibus
670 3017 803 3098 singulos
825 3018 940 3098 legatos
961 3028 992 3081 et
1007 3026 1197 3099 quaesto-52

136 3124 199 3167 rem
226 3103 384 3184 praeierit,
418 3103 464 3162 uti
492 3121 543 3162 eos
571 3110 665 3162 testes
693 3124 767 3166 suae
796 3105 919 3185 quisque
945 3105 1068 3167 virtutis
1095 3104 1154 3165 ha-

136 3192 236 3263 beret;
258 3191 323 3268 ipse
345 3209 365 3248 a
387 3190 492 3250 dextro
515 3207 622 3261 cornu,
647 3190 726 3267 quod
749 3211 815 3252 eam
829 3200 947 3270 partem
961 3191 1084 3253 minime
1099 3191 1153 3250 lir-

135 3297 216 3338 mam
249 3276 381 3337 hostium
414 3294 481 3335 esse
513 3274 783 3349 animadverterat,
817 3276 962 3356 proelium
996 3275 1153 3337 commisit.

135 3364 185 3424 Ita
207 3362 303 3423 nostri
327 3362 435 3423 acriter
456 3361 487 3421 in
509 3361 613 3421 hostes
636 3361 721 3441 signo
744 3364 815 3424 dato
837 3363 981 3440 impetum
1002 3364 1152 3434 fecerunt,
1170 3392 1198 3430 ω

135 3449 238 3529 itaque
263 3449 368 3509 hostes
395 3457 518 3527 repente
546 3447 741 3527 celeriterque
767 3457 990 3528 procurrerunt,
1019 3457 1053 3508 ut
1081 3467 1154 3526 spa-

136 3535 212 3597 tium
239 3534 303 3614 pila
324 3533 354 3595 in
376 3534 479 3595 hostes
501 3533 675 3595 coniiciendi
697 3555 756 3595 non
778 3536 908 3597 daretur.
952 3534 1082 3597 Reieotis
1105 3533 1154 3613 pi·

137 3621 175 3682 lis
198 3620 363 3682 comminus
387 3620 493 3700 gladiis
516 3629 680 3701 pugnatum
711 3631 764 3683 est.
809 3621 854 3682 At
881 3619 1025 3682 Germani
1047 3620 1153 3681 celeri-

138 3716 184 3769 ter
206 3728 244 3769 ex
265 3707 479 3768 consuetudine
502 3727 558 3769 sua
578 3708 729 3788 phalange
745 3710 827 3769 lacta
842 3707 970 3786 impetus
987 3706 1154 3786 gladiorum

138 3802 328 3873 exceperunt.
372 3793 498 3872 Reperti
526 3803 597 3854 sunt
624 3794 791 3874 complures
819 3793 915 3855 nostri
941 3794 1067 3869 milites,
1103 3794 1153 3875 qui
1169 3828 1198 3866 ,0

137 3881 168 3941 iu
200 3878 369 3960 phalangas
401 3879 552 3942 insilirent
579 3888 609 3941 et
636 3891 722 3942 scuta
749 3881 887 3941 manibus
915 3881 1096 3943 revellerent
1124 3891 1154 3943 et

137 3967 266 4047 desuper
287 3965 488 4028 vulnerarent.
525 3965 601 4027 Cum
622 3967 754 4029 hostium
776 3966 856 4029 acies
879 3986 898 4028 a
920 3966 1041 4030 sinistro
1063 3987 1153 4031 cornu
