2616 4492
468 306 577 360 trau
599 291 807 359 euml—lt.
1125 291 1146 356 b

196 447 321 511 Caesari
343 449 533 512 renuntiatur
550 447 700 511 Helvetiis
720 467 787 509 esse
805 447 838 509 in
858 444 958 508 animo
973 464 1027 526 per
1041 454 1189 526 agr-nmio

130 533 340 615 Sequanorum
372 543 403 596 et
434 534 609 598 Aeduorum
640 535 698 597 iter
729 534 760 596 in
793 533 963 596 Santonum
994 534 1069 595 lines
1094 534 1145 594 fa-

131 640 211 694 cere,
245 622 295 701 qui
322 640 382 682 non
408 619 495 701 longe
517 616 541 683 a'
557 621 744 684 Tolosatium
772 621 882 682 tinibus
908 619 1034 694 absunt,
1068 637 1146 698 qnae

132 707 240 768 civitas
268 708 367 768 estin
388 707 552 787 provincia
589 708 626 769 Id
647 707 674 768 si
695 708 796 780 fieret,
818 704 1012 785 intellegebat
1037 722 1145 786 magno

131 812 199 855 cum
225 793 355 872 periculo
382 794 555 873 provinciae
576 795 723 867 futurum,
751 802 786 854 ut
813 791 949 853 homines
970 790 1174 866 bellicosos‚s

131 879 236 959 populi
257 879 388 941 Romani
409 879 560 953 inimicos,
583 880 656 942 locis
678 877 852 959 patentibus
875 876 1063 956 maximeque
1082 879 1146 939 iru-

131 966 289 1027 mentariis
311 966 452 1027 finitimos
474 966 607 1028 haberet
653 965 701 1029 Ob
724 985 777 1027 eas
799 983 907 1026 causas
930 963 957 1024 ei
976 963 1145 1040 munitioni,

131 1071 223 1131 quam
254 1053 381 1125 iecerat,
416 1053 452 1114 T.
474 1052 641 1114 Labienum
672 1052 805 1133 legatum
831 1050 989 1130 praefecit3
1021 1049 1088 1129 ipse
1113 1050 1148 1113 iu

131 1137 252 1199 Italiam
285 1138 402 1218 magnis
434 1139 591 1200 itineribus
619 1139 772 1200 contendit
793 1138 927 1216 duasque
948 1136 991 1199 ibi
1012 1136 1146 1218 legiones

132 1223 291 1285 conscribit
312 1233 343 1286 et
365 1233 440 1297 tres,
469 1244 546 1304 quae
568 1225 677 1286 circum
699 1223 869 1304 Aquileiam
891 1224 1080 1299 hiemabant,
1109 1241 1190 1292 0120

131 1310 263 1371 hibernis
286 1310 385 1371 educit
406 1320 450 1384 et,
474 1330 534 1390 qna
554 1311 722 1391 proximum
744 1311 802 1372 iter
822 1310 854 1371 in
875 1309 1046 1371 ulteriorem
1069 1309 1148 1371 Gal-

131 1395 203 1458 liam
225 1415 279 1475 per
301 1396 396 1475 Alpes
419 1406 499 1470 erat,
522 1416 588 1458 cum
609 1397 647 1458 iis
669 1397 800 1477 quinque
822 1395 986 1474 legionibus
1008 1394 1052 1456 ire
1073 1414 1147 1456 con-

131 1482 239 1544 tendit
282 1482 329 1544 lbi
352 1482 518 1544 Ceutrones
541 1492 572 1544 et
593 1482 744 1544 Graioceli
767 1491 797 1543 et
818 1481 975 1561 Caturiges
998 1480 1069 1542 locis
1092 1500 1146 1542 su-

131 1568 297 1648 perioribus
325 1569 476 1648 occupatis
499 1569 606 1630 itinere
628 1569 789 1630 exercitum
810 1567 970 1648 prohibere
992 1575 1146 1629 conantur.

133 1653 344 1734 Compluribus
371 1655 409 1714 iis
431 1655 553 1735 proeliis
575 1655 669 1734 pulsis
692 1656 731 1716 ab
754 1653 862 1725 Ocelo,
896 1653 975 1733 qnod
1002 1661 1050 1713 est
1071 1653 1146 1714 cite-
1161 1682 1189 1722 rs

133 1741 223 1802 rioris
245 1740 415 1819 provinciae
437 1749 616 1815 extremum,
640 1740 671 1801 in
693 1741 768 1802 fines
789 1739 1004 1800 Vocontiorum
1019 1739 1146 1806 ulterio-

133 1827 175 1888 ris
202 1827 374 1907 provinciae
396 1826 444 1887 die
467 1827 595 1906 septimo
616 1827 771 1906 pervenit,
803 1826 872 1886 inde
893 1825 925 1886 in
947 1823 1147 1906 Allobrogum

132 1913 224 1985 fines,
247 1913 286 1974 ab
308 1910 522 1992 Allobrogibus
543 1912 575 1974 in
598 1912 779 1992 Segusiavos
803 1911 965 1973 exercitum
988 1912 1076 1974 ducit.
1104 1910 1147 1974 Hi

132 2007 205 2061 sunt
228 2008 314 2060 extra
334 1998 520 2078 provinciam
541 2006 626 2060 trans
649 1998 830 2061 Rhodanum
852 1997 949 2076 primi.

196 2084 329 2146 Helvetii
355 2084 416 2145 iam
442 2104 497 2165 per
518 2084 673 2165 angustias
696 2094 726 2146 et
747 2086 823 2146 fines
846 2082 1053 2164 Sequanorum
1074 2092 1188 2146 suasu

133 2171 236 2251 copias
257 2172 458 2233 traduxerant
477 2179 508 2232 et
528 2171 560 2232 in
581 2171 756 2233 Aeduorum
778 2171 853 2232 sines
875 2179 1078 2249 pervenerant
1093 2189 1146 2232 eo·
1160 2199 1184 2238 ιι

132 2277 256 2337 rumque
288 2277 377 2338 agros
403 2257 634 2337 populabantur.
681 2255 797 2332 Aedui,
826 2274 893 2318 cum
916 2276 949 2319 se
971 2276 1084 2336 suaque
1107 2258 1147 2320 ab
1177 2321 1179 2325 ,

88 2361 91 2368 ·
132 2345 170 2406 iis
199 2345 356 2406 defendere
383 2363 444 2405 non
471 2353 612 2424 possent,
640 2343 755 2424 legatos
778 2344 818 2404 ad
840 2342 1002 2405 Caesarem
1023 2344 1148 2406 mittunt

133 2438 272 2510 rogatum
301 2430 458 2492 auxilium:
497 2430 547 2491 Ita
573 2450 606 2492 se
632 2429 713 2491 omni
735 2437 867 2509 tempore
889 2430 926 2491 de
947 2430 1058 2509 populo
1080 2429 1147 2492 Ro-

133 2535 222 2578 mano
250 2517 372 2579 meritos
400 2536 481 2590 esse,
509 2524 544 2577 ut
564 2535 660 2596 paene
682 2516 713 2577 in
736 2525 899 2595 conspectu
921 2515 1067 2577 exercitus
1089 2535 1146 2578 no·
1159 2543 1188 2583 ss

132 2603 188 2664 stri
210 2603 275 2683 agri
295 2602 427 2675 vastari,
455 2602 540 2664 liberi
566 2621 668 2665 eorum
690 2602 721 2663 in
744 2602 921 2664 servitutem
944 2602 1061 2674 abduci,
1089 2620 1146 2682 op·

131 2689 204 2768 pida
236 2689 400 2769 expugnari
432 2708 492 2750 uon
525 2689 690 2751 debuerint
743 2688 859 2750 Eodem
886 2696 1021 2768 tempore
1045 2687 1147 2753 Aedui

131 2774 291 2847 Ambarri,
313 2775 473 2836 necessarii
495 2782 525 2835 et
546 2774 757 2857 consanguinei
771 2773 958 2847 Aeduorum,
982 2774 1146 2837 Caesarem

131 2861 288 2923 certiorem
308 2861 423 2921 faciunt
443 2879 511 2922 sese
533 2861 721 2941 depopulatis
745 2861 824 2941 agris
846 2880 906 2923 non
928 2861 1016 2922 lacile
1034 2862 1072 2922 ab
1088 2881 1145 2942 op-

130 2947 211 3026 pidis
233 2947 295 3007 vim
317 2946 449 3006 hostium
471 2946 638 3024 prohibere.
681 2948 757 3009 Item
773 2947 970 3028 Allobroges,
994 2947 1045 3028 qui
1059 2956 1144 3010 trans
1159 2974 1189 3013 so

131 3033 314 3096 Rhodanum
345 3032 427 3092 vicos
460 3032 725 3112 possessionesque
751 3033 922 3105 habebant,
954 3034 1025 3114 iuga
1050 3035 1146 3096 seed

131 3121 296 3182 Caesarem
323 3117 469 3196 recipiunt
497 3125 528 3178 et
555 3118 765 3179 demonstrant
786 3120 844 3180 sibi
864 3127 985 3199 praeter
1007 3120 1077 3200 agri·
1092 3139 1146 3181 so-

132 3207 194 3268 lum
216 3205 290 3266 nihil
312 3224 381 3266 esse
402 3203 517 3283 reliqui.
551 3201 667 3273 Quibus
689 3206 778 3266 rebus
793 3206 939 3267 adductus
955 3205 1070 3267 Caesar
1085 3225 1146 3266 nou

132 3292 366 3371 exspectandum
388 3289 446 3353 sibi
468 3291 591 3364 statuit,
615 3291 685 3352 dum
700 3290 836 3352 omnibus
851 3291 980 3352 fortunis
996 3292 1143 3352 sociorum

131 3379 316 3458 consumptis
338 3377 369 3438 in
393 3376 546 3438 Santonos
568 3376 701 3438 Helvetii
721 3377 921 3456 pervenirent.
1158 3403 1187 3443 aa

195 3465 323 3526 Flumen
351 3473 398 3525 est
424 3462 515 3536 Arar,
550 3465 628 3544 quod
655 3483 710 3543 per
735 3463 811 3524 fines
832 3461 1007 3524 Aeduorum
1029 3472 1060 3523 et
1083 3461 1141 3524 Se·
1154 3471 1189 3522 12

132 3569 298 3631 quanorum
320 3550 352 3611 in
374 3549 554 3611 Rhodanum
577 3550 688 3624 influit,
712 3548 877 3611 incredibili
892 3548 1032 3622 lenitate,
1055 3548 1100 3611 ita
1111 3558 1145 3610 ut

132 3639 241 3709 oculis,
274 3636 306 3697 in
334 3645 432 3698 utram
459 3644 575 3715 partem
603 3637 692 3710 duat,
725 3635 849 3698 iudicari
876 3655 937 3695 non
957 3633 1064 3713 possit.
1107 3635 1144 3698 Id

130 3723 264 3786 Helvetii
291 3723 406 3784 ratibus
435 3741 470 3782 ac
491 3722 631 3785 lintribus
654 3723 762 3785 iunctis
785 3722 965 3783 transibant.
1009 3722 1144 3801 Ubi=per

131 3811 336 3890 exploratores
370 3808 485 3870 Caesar
517 3809 627 3871 certior
652 3812 749 3871 lactus
777 3816 838 3880 est,
873 3817 935 3869 tres
957 3807 1018 3869 iam
1040 3819 1143 3888 partes
1157 3834 1187 3874 so

130 3898 284 3976 copiarum
317 3894 473 3956 Helvetios
500 3894 531 3955 id
558 3896 668 3956 flumen
695 3894 880 3968 traduxisse,
915 3903 1053 3973 quartam
1080 3897 1143 3958 iere

129 3992 248 4064 partem
271 3981 347 4043 citra
368 3978 477 4042 flumen
498 3980 622 4043 Ararim
644 3982 788 4062 reliquam
811 4000 893 4054 esse,
923 3982 960 4042 de
982 3980 1073 4044 tertia
1094 3981 1143 4043 vi·
