2616 4492
391 279 461 325 nm.
477 277 537 325 vu.
560 278 637 325 car.
653 259 791 325 27-32.
1038 262 1097 325 121

79 417 163 481 cuius
195 416 238 479 rei
269 417 379 480 luerint
406 417 465 499 ipsi
486 417 626 498 imperiti.
670 418 798 489 Errare,
831 417 858 478 si
884 416 935 497 qui
962 416 994 479 in
1019 417 1099 479 bello

80 523 184 566 omnes
211 505 362 566 secundos
383 523 483 566 rerum
505 513 671 584 proventus
694 512 878 583 exspectent.
923 501 989 565 Sibi
1010 523 1099 564 num-

79 609 168 671 quam
198 590 346 670 placuisse
374 590 541 652 Avaricum
564 591 697 666 delendi,
732 591 814 652 cuius
836 590 878 651 rei
901 599 993 651 testes
1016 590 1100 669 ipsos

78 677 222 750 haberet,
251 678 305 738 sed
326 679 438 738 factum
459 677 662 756 imprudentia
682 677 849 757 Biturigum
872 686 903 737 et
924 675 1022 737 nimia
1041 677 1098 739 ob-

78 762 237 842 sequentia
268 762 463 843 reliquorum,
498 764 541 826 uti
573 764 630 825 hoc
662 764 880 825 incommodum
909 762 1129 841 acciperetur.s

77 849 114 911 Id
130 857 232 910 tamen
248 868 281 910 se
296 850 434 911 celeriter
449 850 612 912 maioribus
628 850 789 911 conrmodis
805 859 991 911 sanaturum.
1019 848 1099 910 Nam

78 954 156 1015 quae
190 935 228 995 ab
261 935 383 1015 reliquis
417 935 516 998 Gallis
544 936 684 998 civitates
715 935 925 1009 dissentirent,
958 936 1016 997 has
1043 954 1101 996 sua

78 1020 235 1102 diligentia
262 1022 471 1085 adiuncturum
498 1032 588 1102 atque
611 1043 704 1084 unum
726 1022 881 1085 consilium
904 1021 997 1083 totius
1021 1021 1099 1083 Gal-

77 1107 137 1169 liae
160 1107 348 1181 effecturum,
372 1109 455 1170 cuius
478 1109 637 1175 consensui
659 1128 697 1170 ne
720 1109 800 1170 orbis
816 1109 935 1189 quidem
951 1117 1098 1181 terrarum

77 1193 177 1273 possit
199 1194 344 1256 obsistere
351 1213 360 1269 ;
384 1195 472 1275 idque
495 1216 528 1256 se
549 1215 642 1276 prope
664 1195 724 1255 iam
748 1195 885 1256 effectum
899 1194 1021 1255 habere.
1044 1194 1143 1255 ln-10

78 1289 164 1342 terea
195 1300 324 1360 aequum
352 1302 419 1343 esse
448 1281 547 1343 abiis
570 1281 734 1342 communis
757 1282 864 1342 salutis
887 1299 980 1341 causa
1001 1281 1099 1361 impe-

78 1366 169 1440 trari,
193 1376 226 1429 ut
247 1376 348 1429 castra
369 1368 485 1429 munire
507 1368 716 1442 instituerent,
746 1387 803 1448 quo
824 1366 941 1428 facilius
964 1366 1100 1446 repenti-

78 1472 136 1515 nos
157 1453 290 1515 hostium
311 1453 442 1533 impetus
466 1455 657 1515 sustinerent.

143 1538 215 1600 Fuit
235 1541 310 1600 haec
332 1540 428 1601 oratio
452 1559 512 1600 non
534 1540 654 1620 ingrata
677 1538 793 1613 Gallis,
817 1546 847 1599 et
868 1537 997 1599 maxime
1020 1539 1144 1618 quod30

77 1624 143 1705 ipse
165 1625 265 1687 animo
288 1645 348 1686 non
371 1625 522 1687 deiecerat
542 1634 628 1687 tanto
650 1634 772 1704 accepto
794 1624 981 1685 incommodo
1004 1644 1100 1704 neque
1118 1649 1144 1688 rs

77 1730 112 1772 se
137 1711 169 1771 in
199 1710 345 1773 occultum
373 1711 531 1774 abdiderat
560 1720 591 1772 et
613 1721 804 1791 conspectum
827 1710 1027 1771 multitudinis
1048 1713 1100 1772 lu-

78 1805 180 1876 gerat3
214 1796 341 1877 plusque
369 1798 469 1859 animo
498 1797 656 1877 providere
685 1806 715 1857 et
736 1796 919 1876 praesentire
942 1796 1100 1858 existima-

77 1884 179 1956 batur,
204 1884 283 1962 quod
305 1902 337 1944 re
354 1883 470 1964 integra
485 1885 579 1963 primo
594 1883 811 1944 incendendum
826 1883 1006 1957 Avaricum,
1028 1893 1101 1963 post

78 1970 273 2030 deserendum
296 1978 462 2031 censuerat.
498 1970 606 2050 Itaque
627 1978 662 2030 ut
683 1968 862 2050 reliquorum
885 1968 1100 2048 imperatorum

78 2074 126 2116 res
154 2056 300 2117 adversae
327 2055 537 2117 auctoritatem
561 2056 713 2130 minuunt,
741 2055 785 2117 sic
805 2055 895 2116 huius
918 2075 955 2116 ex
977 2064 1098 2116 contra·
1114 2081 1143 2121 ao

79 2141 123 2203 rio
146 2141 275 2222 dignitas
298 2142 483 2211 incommodo
507 2152 628 2222 accepto
650 2143 682 2203 in
705 2141 768 2204 dies
792 2143 965 2222 augebatur.
1002 2141 1099 2205 Simul
1125 2204 1128 2210 ,

78 2227 110 2289 in
133 2247 217 2307 spem
238 2229 401 2304 veniebant
423 2229 487 2291 eius
510 2229 779 2291 adfirmationede
794 2228 916 2308 reliquis
931 2228 1098 2309 adiungen-

79 2314 126 2376 dis
154 2314 341 2391 civitatibus3
375 2315 562 2397 primumque
586 2335 622 2377 eo
644 2324 779 2395 tempore
801 2314 885 2376 Galli
906 2323 1007 2376 castra
1030 2335 1099 2376 mu-

78 2400 142 2462 nire
174 2401 368 2464 instituerunt
401 2411 432 2463 et
459 2403 509 2466 sie.
529 2412 602 2464 sunt
630 2402 729 2463 animo
758 2401 941 2474 consternati
962 2401 1099 2464 homines

78 2487 189 2548 insueti
212 2487 340 2561 laboris,
368 2498 402 2550 ut
424 2488 539 2561 omnia,
574 2508 652 2568 quae
677 2489 906 2567 imperarentur,
935 2487 993 2548 sibi
1015 2488 1097 2566 pati·
1112 2509 1142 2547 ns

80 2574 158 2633 enda
181 2573 397 2636 existimarent.
441 2575 507 2636 Nec
529 2575 646 2646 minus,
666 2594 755 2654 quam
772 2582 819 2635 est
833 2573 995 2653 pollicitus,
1017 2574 1140 2637 Ver-³1

79 2659 244 2739 cingetorix
272 2660 371 2736 animo
399 2658 574 2734 laborabat,
609 2668 643 2721 ut
671 2661 803 2739 reliquas
827 2660 963 2721 civitates
987 2660 1097 2721 adiun-

79 2753 177 2824 geret,
211 2754 301 2823 atque
334 2765 386 2805 eas
413 2747 500 2807 bonis
527 2746 795 2826 pollicitationibus
818 2746 976 2807 alliciebat.
1020 2747 1101 2808 Huic

79 2830 124 2892 rei
146 2830 269 2890 idoneos
293 2831 428 2890 homines
451 2831 615 2910 deligebat,
651 2851 776 2912 quorum
805 2832 928 2911 quisque
951 2840 1006 2893 aut
1027 2852 1099 2894 ora·

79 2915 162 2976 tione
185 2915 312 2976 subdola
334 2924 388 2975 aut
409 2916 541 2976 amicitia
561 2916 702 2978 facillime
724 2930 837 2996 posset.
883 2914 943 2986 Qui
965 2916 1098 2980 Avarico
1115 2943 1144 2981 so

79 3009 250 3080 expugnato
273 3001 458 3080 refugerant,
482 3004 643 3064 armandos
666 3004 897 3082 vestiendosque
919 3011 1013 3063 curat.
1047 3003 1100 3066 Si-

79 3087 157 3160 mul,
191 3094 225 3147 ut
252 3087 423 3148 deminutae
446 3086 548 3165 copiae
570 3088 854 3168 redintegrarentur,
881 3089 1011 3167 imperat
1033 3109 1100 3151 cer-

79 3183 144 3235 tum
178 3192 332 3235 numerum
366 3171 493 3233 militum
522 3171 712 3248 civitatibus,
747 3193 833 3255 quem
861 3183 891 3235 et
917 3194 1006 3253 quarn
1029 3185 1100 3237 ante

80 3261 158 3322 diem
181 3259 212 3320 in
235 3268 338 3321 castra
361 3259 467 3321 adduci
494 3257 582 3333 velit,
618 3260 849 3340 sagittariosque
872 3279 992 3333 omnes,
1021 3280 1098 3340 quo-

79 3366 145 3409 rum
168 3355 235 3408 erat
256 3366 436 3426 permagnus
452 3364 604 3429 ¹numerus
632 3345 664 3413 iu
678 3345 807 3420 ,Gallia
842 3345 975 3424 conquiri
1002 3356 1032 3407 et
1060 3348 1099 3410 ad
1115 3371 1146 3410 ss

80 3453 113 3494 se
134 3433 214 3494 mitti
235 3433 326 3495 iubet.
370 3433 434 3494 His.
450 3433 539 3493 rebus
562 3431 696 3493 celeriter
717 3432 763 3505 id,
792 3433 871 3511 quod
896 3430 1023 3493 Avarici
1046 3434 1100 3494 de-

78 3520 224 3598 perierat,
254 3520 400 3598 expletur.
448 3519 572 3580 Interim
600 3518 814 3590 Teutomatus,
850 3516 1033 3580 Olloviconis
1061 3522 1099 3582 li-

79 3605 153 3679 lius,
176 3625 229 3667 rex
250 3607 466 3686 Nitiobrigum,
490 3606 573 3666 cuius
596 3614 683 3685 pater
706 3606 743 3665 ab
767 3613 873 3665 senatu
895 3614 998 3665 nostro
1021 3607 1100 3669 ami-

80 3710 132 3753 cus
155 3703 221 3753 erat
244 3692 429 3772 appellatus,
454 3711 519 3752 cum
543 3711 651 3773 magno
675 3690 807 3771 equitum
830 3710 952 3751 suorum
974 3711 1099 3756 numero

82 3788 113 3839 et
134 3798 209 3858 quos
233 3798 271 3839 ex
291 3777 461 3859 Aquitania
483 3781 667 3840 conduxerat
688 3778 728 3838 ad
751 3796 818 3837 eum
841 3776 986 3856 pervenit.
1112 3818 1143 3856 ,ο

146 3865 260 3927 Caesar
288 3864 412 3926 Avarici
434 3864 600 3944 complures
624 3865 687 3925 dies
710 3872 909 3925 commoratus
933 3883 1141 3936 summam-32

81 3971 140 4030 que
159 3951 201 4013 ibi
223 3951 338 4031 copiam
360 3950 499 4012 frumenti
522 3961 552 4013 et
573 3950 679 4032 reliqui
700 3959 885 4013 commeatus
901 3960 1027 4015 nanctus
1042 3973 1098 4015 ex-
