2616 4492
411 312 480 364 nm
495 314 518 362 1.
541 312 617 369 cau.
635 296 769 362 la-ld.
1072 284 1101 359 ’7

85 452 251 515 timendum
277 458 407 532 putaret
451 449 541 522 Quod
567 451 594 514 si
614 450 725 513 veteris
747 449 943 515 contumeliae
965 447 1101 514 oblivisci

84 539 193 614 vellet,
226 557 298 600 nunu
321 538 413 599 etiam
433 537 595 600 recentium
616 536 808 611 iniuriarum,
840 537 921 618 quod
947 553 982 598 eo
1003 534 1100 601 invita

84 625 145 688 iter
165 643 221 705 per
241 623 427 704 provinciam
447 643 503 704 per
523 624 584 686 vim
606 631 823 703 temptassent,
856 623 936 704 qnod
956 621 1099 700 Aeduos,

85 711 166 791 quod
186 709 371 782 Ambarros,
406 712 484 790 qnod
510 709 691 791 Allobrogas
713 718 892 783 vexassent,
926 709 1101 772 memoriam

85 799 234 878 deponere
266 796 376 877 posse?
420 793 510 866 Quod
536 816 591 859 sua
616 795 828 858 victoriatum
849 794 1013 858 insolenter
1034 795 1128 877 glo-a

84 884 235 946 riarentur
256 883 393 963 qnodque
415 891 479 943 tarn
502 882 552 945 din
574 902 608 944 se
629 882 749 962 impune
770 881 894 944 iniurias
916 880 1022 943 tulisse
1043 883 1101 944 ad-

85 971 276 1044 mirarentur,
311 970 416 1031 eodem
442 967 600 1048 pertinere.
624 1037 626 1042 ,
650 967 819 1030 Consuesse
845 968 923 1029 enim
945 968 1018 1030 deos
1039 967 1100 1029 im-

84 1057 245 1129 mortales,
278 1073 337 1134 quo
371 1054 492 1134 gravius
518 1053 655 1116 homines
683 1072 721 1116 ex
747 1054 982 1116 commutatione
1003 1072 1101 1116 rerum

85 1142 223 1215 doleant,
247 1160 321 1220 qnos
342 1159 398 1220 pro
420 1139 531 1201 scelere
554 1158 655 1201 eornm
677 1140 778 1202 ulcisci
798 1140 909 1213 velint,
931 1139 969 1202 iis
992 1159 1100 1201 seeun-

85 1228 185 1290 diores
217 1227 368 1290 interdurn
394 1246 443 1288 res
472 1235 502 1287 et
527 1226 742 1288 diuturniorem
763 1226 974 1306 impunitatem
995 1234 1101 1288 conoe-
1115 1251 1144 1292 ιο

85 1315 166 1376 dere.
210 1312 287 1375 Cum
320 1332 357 1374 ea
388 1312 433 1374 ita
460 1311 536 1386 sint,
570 1321 687 1385 tanuen,
722 1312 748 1373 si
775 1312 895 1374 obsides
922 1313 962 1373 ab
983 1311 1020 1374 iis
1043 1311 1102 1374 sibi
1217 1325 1220 1331 '

85 1401 203 1473 dentur,
225 1398 269 1461 uti
291 1418 340 1471 ea,
364 1416 441 1477 qnae
461 1397 668 1478 polliceantur,
691 1398 821 1460 facturos
836 1398 1006 1478 intellegat,
1030 1405 1061 1459 et
1075 1397 1103 1462 si
1147 1414 1150 1418 ’
1213 1401 1217 1408 “

84 1484 203 1548 Aeduis
225 1486 263 1547 de
283 1484 414 1556 iniuriis,
443 1503 519 1564 quas
540 1484 616 1564 ipsis
639 1483 785 1564 sociisque
808 1503 911 1546 eorum
930 1483 1101 1558 intulerint,

84 1572 158 1633 item
180 1570 207 1632 si
228 1569 444 1650 Allobrogibus
467 1570 671 1643 satisfaciant,
695 1589 761 1633 sese
783 1570 901 1632 enmiis
915 1588 1020 1650 paoem
1035 1588 1103 1632 essa

84 1659 242 1718 iacturum.
291 1656 398 1717 Divico
431 1657 601 1755 respondit·
634 1656 685 1717 Ita
710 1656 870 1718 Helvetios
899 1654 1102 1718 amaioribns
1116 1681 1144 1721 rs

84 1742 149 1805 suis
170 1740 326 1804 institutos
349 1760 431 1815 esse,
458 1741 503 1803 nti
525 1742 645 1803 obsides
667 1741 817 1822 accipere,
851 1760 911 1803 non
934 1742 1005 1803 dare
1028 1759 1103 1804 oon·

85 1828 217 1891 suerint.
250 1827 315 1889 eins
342 1827 387 1888 rei
414 1827 556 1906 populum
583 1827 754 1920 Romanum
781 1847 848 1890 esse
875 1835 992 1890 testem
1035 1827 1103 1891 Hoo

84 1932 232 1995 responso
255 1915 326 1976 dato
349 1913 496 1975 discessit

150 2001 279 2064 Postero
313 2000 360 2061 die
393 2008 494 2061 castra
525 2016 563 2060 ex
595 2017 631 2062 eo
658 1999 722 2061 loeo
750 2005 881 2061 movent.
924 1974 1009 2062 Idem
1030 1999 1144 2063 lanitia

85 2087 201 2150 Caesar
223 2086 448 2167 equitatumque
476 2104 609 2160 omnem,
633 2087 673 2148 ad
699 2104 853 2148 numerum
876 2095 1019 2166 quattuor
1041 2087 1101 2150 mi·
1115 2112 1146 2153 ιο

84 2175 174 2273 lium,
207 2191 296 2253 quem
330 2191 367 2233 ex
394 2170 475 2232 omni
506 2171 663 2251 provincia
690 2180 721 2232 et
746 2172 863 2234 Aeduis
885 2181 976 2255 atque
999 2192 1102 2236 eorum

85 2259 177 2322 sociis
199 2278 271 2321 eoae
271 2266 334 2320 tum
355 2258 501 2334 habebat,
524 2258 706 2337 praemittit,
734 2259 943 2338 quivideant,
972 2260 1102 2341 quasin

84 2354 188 2427 partes
225 2346 330 2407 hostes
367 2344 427 2406 iter
463 2305 586 2406 fabiani
642 2341 703 2414 Qui
735 2345 871 2425 cupidius
904 2340 1102 2408 novissimum

85 2449 192 2513 agmen
213 2429 341 2493 insecuti
363 2430 461 2493 alieno
476 2429 541 2492 looo
557 2448 622 2492 unm
638 2430 775 2511 equitatu
789 2431 909 2493 Helvet
888 2439 997 2494 trorum
1011 2451 1102 2512 proe-

84 2517 159 2580 lium
181 2517 386 2590 committunt3
409 2525 441 2578 et
461 2516 549 2597 pauci
571 2517 607 2578 de
629 2524 700 2579 nost
701 2516 742 2578 ris
765 2519 906 2580 cadunt.
921 2516 988 2588 Quo
1010 2537 1101 2599 proe-
1114 2542 1144 2583 as

83 2602 124 2665 lio
158 2603 269 2665 sublati
300 2602 450 2675 Helvetii,
487 2604 582 2682 quod·
600 2603 769 2684 quingentis
803 2603 951 2684 equitibus
983 2613 1102 2685 tantam

84 2689 305 2751 multitudinem
338 2688 468 2768 equitum
501 2688 710 2769 propulerant,
744 2690 886 2752 audacius
920 2691 1100 2765 subsistere,

84 2794 306 2854 nonnumquam
335 2793 372 2836 ex
398 2774 561 2836 novissimo
585 2775 702 2856 agmine
723 2776 980 2856 proelio'nostros
1002 2777 1101 2840 laces-

85 2881 153 2922 sere
176 2868 343 2958 cneperunt
387 2859 502 2921 Caesar
524 2880 595 2922 snos
618 2881 638 2923 a
658 2861 772 2942 proelio
794 2871 864 2925 eont
851 2863 969 2925 tinebat
990 2882 1026 2926 ae
1047 2883 1101 2926 sa-

83 2948 124 3009 tis
152 2944 314 3007 habebat
272 2953 338 3006 tm
358 2945 532 3024 praesentia
553 2946 622 3008 bost
610 2956 670 3009 tem
692 2943 822 3029 rapinis,
855 2950 1100 3048 pabulationibus
1114 2974 1144 3014 so

82 3031 389 3114 populationibusque
421 3030 587 3110 prohibere
630 3033 680 3095 Ita
707 3035 770 3096 dies
798 3034 913 3097 circiter
934 3035 1101 3115 quindecim

82 3119 312 3191 iterfecerunt,
335 3116 379 3178 uti
400 3116 478 3178 inter
499 3117 696 3180 novissimum
717 3121 849 3182 hostium
872 3140 978 3201 agmen
991 3114 1101 3195 Uno-

83 3216 181 3267 strnm
203 3204 333 3285 primum
355 3223 415 3265 non
437 3202 582 3283 amplius
589 3204 688 3333 quinis
711 3215 765 3315 apt
786 3207 868 3268 senis
891 3207 1011 3270 milibus
1025 3226 1100 3334 pas-

83 3311 170 3355 suum
192 3292 360 3353 interesset.

147 3377 272 3440 Interim
294 3375 427 3458 quotidie
449 3372 563 3437 Caesar
583 3326 709 3441 Aedesa
728 3324 924 3451 iumentum,
948 3378 1027 3457 quod
1049 3397 1100 3441 es·
1082 3385 1143 3438 -16

84 3473 154 3526 sent
185 3462 303 3544 publice
335 3461 475 3542 polliciti,
509 3461 670 3542 flagitare
702 3458 787 3527 Nam
805 3473 942 3543 propter
972 3463 1129 3545 frigora,
1112 3490 1141 3531 aa

84 3552 165 3630 quod
187 3549 290 3611 Gallia
311 3549 366 3610 snb
389 3548 661 3628 septentrionibus,
676 3554 718 3611 'ut
738 3546 810 3611 an'te
832 3549 1020 3623 dictumest,
1042 3570 1100 3631 po-

83 3638 145 3698 sita
167 3645 229 3709 est,
256 3653 316 3697 non
338 3636 427 3697 inodo
449 3635 598 3697 iumenta
618 3635 650 3697 in
673 3635 752 3716 agris
775 3644 893 3698 matura
915 3643 1099 3712 no'n‘erant,

84 3724 196 3784 sedne
218 3721 321 3801 pabuli
343 3721 462 3802 quidem
485 3721 560 3783 satis
582 3741 692 3801 magna
714 3722 799 3802 eopia
821 3723 1017 3803 suppetebate
1052 3723 1099 3786 Eo

84 3817 185 3871 antem
207 3809 371 3881 frumento,
395 3808 473 3888 qnod
495 3808 615 3887 flumine
636 3807 735 3876 Arare
758 3808 884 3871 navibus
908 3810 1099 3886 subvexerat,
1114 3835 1144 3876 aa

82 3903 246 3976 propterea
267 3895 312 3955 uti
334 3894 432 3955 minus
454 3902 589 3973 poterat,
613 3895 692 3974 quud
713 3894 771 3957 iter
792 3895 831 3958 ab
852 3894 953 3958 Arare'
967 3895 1100 3960 Helvetii

83 3988 273 4054 averterant,
308 4000 327 4041 a
359 3979 466 4061 quibus
500 3980 652 4043 discedere
684 3980 824 4065 nolebat..
868 3978 956 4046 Diem
989 4002 1027 4060 ax
1052 3984 1103 4045 die
