2616 4492
207 275 250 340 70
535 288 584 334 nu
607 289 723 335 nunno
748 287 906 335 canesco

208 430 273 493 eius
296 425 423 490 consilia
445 437 650 508 cognosceret;
668 427 802 488 tandem
824 425 964 488 idoneam
988 432 1095 486 nactus
1117 432 1237 503 tempe·

207 524 320 578 statem
343 513 455 575 milites
479 513 651 594 equitesque
674 513 873 574 conscendere
895 512 926 572 in
949 531 1042 573 naves
1065 510 1157 571 iubet
1190 509 1239 571 At

207 601 341 664 omnium
363 599 516 679 impeditis
540 600 649 661 animis
672 599 843 660 Dumnorix
858 617 925 659 curn
941 597 1091 677 equitibus
1106 595 1237 657 Aeduo-

206 706 274 751 rum
302 706 322 747 a
349 687 459 748 castris
486 685 632 747 insciente
655 685 787 746 Caesare
809 686 929 746 domum
953 684 1107 745 discedere
1129 682 1238 762 coepit

177 797 191 835 a
208 771 280 843 Qua
301 791 334 833 re
356 773 498 833 nuntiata
512 772 630 833 Caesar
643 771 817 833 intermissa
832 770 1015 850 proiectione
1031 777 1123 849 atque
1138 768 1238 830 omni-

206 859 264 922 bus
293 858 383 920 rebus
411 858 591 938 postpositis
620 877 759 938 magnam
788 866 908 936 partem
931 856 1084 936 equitatus
1107 856 1239 916 adeum

179 950 182 959 '
207 944 426 1024 insequendum
449 944 543 1005 mittit
563 944 735 1024 retrahique
756 943 901 1022 imperat;
931 942 957 1003 si
979 941 1041 1003 vim
1064 941 1157 1003 faciat
1181 961 1239 1002 ne·

208 1050 267 1112 que
288 1039 411 1111 pareat,
435 1029 562 1091 interfici
583 1029 682 1103 iubet,
707 1029 781 1090 nihil
803 1028 884 1090 hunc
905 1049 938 1089 se
954 1030 1080 1089 absente
1094 1047 1149 1106 pro
1163 1046 1239 1088 sano

208 1117 361 1179 iacturum
389 1115 570 1189 arbitratus,
599 1116 650 1197 qui
672 1114 843 1195 praesentis
865 1115 1024 1194 imperium
1046 1113 1238 1193 neglexisset.

171 1224 195 1262 ιο
209 1201 267 1263 Ille
289 1209 392 1262 autem
414 1211 571 1264 revocatus
594 1202 735 1263 resistere
758 1220 794 1263 ac
817 1220 850 1262 se
872 1220 964 1262 manu
985 1201 1145 1262 defendere
1165 1218 1239 1261 suo-

209 1306 335 1367 rumque
369 1288 458 1349 fidem
491 1287 654 1368 implorare
683 1286 781 1366 coepit
808 1305 900 1366 saepe
928 1287 1088 1349 clamitans
1111 1285 1240 1347 liberum

211 1391 245 1436 se
267 1373 438 1453 liberaeque
461 1393 529 1435 esse
552 1373 695 1435 civitatis.
740 1372 803 1447 Illi,
828 1381 862 1434 ut
884 1382 950 1434 erat
964 1373 1155 1453 imperatum,
1179 1372 1240 1434 cir*

210 1459 392 1522 cumsistunt
419 1459 572 1520 hominem
594 1468 686 1539 atque
708 1458 908 1532 interficiunt;
943 1469 977 1520 at
998 1458 1116 1540 equites
1138 1457 1241 1520 Aedui

210 1546 251 1607 ad
273 1544 438 1607 Gaesarem
457 1564 565 1606 ‚omnes
588 1553 792 1606 revertuntur.

180 1641 198 1693 8
278 1630 337 1693 His
360 1632 449 1692 rebus
473 1631 566 1712 gestis
588 1630 725 1692 Labieno
747 1631 779 1691 iu
801 1629 967 1691 continenti
988 1649 1056 1691 curn
1079 1628 1176 1690 tribus
1192 1629 1240 1690 le-

171 1737 195 1776 re
210 1715 348 1798 gionibus
383 1725 419 1783 et,
446 1716 581 1797 equitum
615 1716 737 1778 milibus
766 1717 883 1778 duobus
911 1716 1030 1790 relicto,
1066 1724 1099 1777 ut
1130 1724 1240 1795 portus

209 1812 347 1865 tueretur
370 1811 401 1864 et
423 1819 485 1865 rem
508 1802 737 1868 frumentariam
757 1803 928 1881 provideret
950 1821 1088 1882 quaeque
1107 1801 1141 1862 iu
1160 1799 1240 1862 Gal·

208 1887 254 1951 lia
286 1898 462 1969 gererentur
495 1899 688 1969 cognosceret
720 1888 945 1968 consiliumque·
961 1907 1017 1968 pro
1045 1896 1182 1967 tempore
1210 1895 1241 1948 et

209 1993 266 2054 pro
289 1993 321 2037 re
344 1983 480 2053 caperet,
507 1974 574 2054 ipse
602 1994 669 2036 cum
692 1974 824 2054 quinque
846 1973 1015 2053 legionibus
1038 1982 1070 2034 et
1091 1972 1159 2053 pari
1181 1992 1241 2035 nu-

169 2080 197 2118 m
211 2077 294 2120 mero
328 2059 479 2139 equitum,
514 2079 603 2140 quem
635 2060 666 2121 in
694 2058 859 2121 continenti
889 2059 1069 2139 reliquerat,
1103 2059 1144 2120 ad
1165 2057 1240 2120 solis

212 2163 351 2206 occasum
380 2162 474 2206 naves
498 2146 591 2207 solvit
613 2154 643 2206 et
665 2144 725 2206 leni
747 2143 851 2207 Africo
872 2153 1035 2225 proveatur
1057 2144 1158 2207 media
1179 2145 1242 2207 cir·

211 2228 288 2292 citer
309 2238 397 2292 nocte
418 2238 509 2292 vento
531 2230 704 2292 intermisso
727 2250 845 2293 cursum
868 2250 929 2292 non
952 2230 1050 2292 tenuit
1071 2240 1103 2292 et
1122 2231 1241 2311 longius

212 2315 333 2377 delatus
363 2325 451 2378 aestu
479 2325 547 2378 orta
573 2316 639 2377 luce
667 2317 723 2378 sub
746 2316 869 2378 sinistra
890 2316 1083 2379 Britanniam
1105 2316 1242 2379 relictam

212 2402 380 2481 conspexit.
409 2403 488 2464 Tum
511 2421 614 2464 rursus
638 2411 741 2464 aestus
764 2402 1030 2464 commutationem
1053 2412 1174 2464 secutus
1189 2422 1242 2463 re-

170 2508 198 2547 as
211 2487 270 2548 mis
293 2488 463 2561 contendit,
486 2496 521 2549 ut
544 2508 611 2550 eam
633 2497 753 2568 partem
775 2489 893 2550 insulae
914 2498 1051 2568 caperet,
1075 2509 1136 2568 qua
1158 2489 1242 2567 opti-

211 2592 293 2635 mum
323 2593 391 2635 esse
420 2594 571 2652 egressum
600 2575 754 2653 superiore
782 2584 901 2636 aestate
929 2583 1121 2654 cognoverat
1172 2572 1243 2644 Qua

211 2657 244 2720 in
266 2678 299 2720 re
323 2661 486 2721 admodum
508 2660 567 2721 fuit
589 2660 719 2721 militurn
741 2661 839 2722 virtus
862 2660 1031 2732 laudanda,
1061 2660 1112 2740 qui
1133 2669 1242 2723 vecto-

211 2742 264 2806 riis
293 2745 494 2825 gravibusque
517 2745 645 2826 navigiis
668 2765 728 2807 non
751 2746 925 2808 intermisso
947 2746 1115 2826 remigandi
1136 2746 1242 2809 labore

211 2827 370 2910 longarum
392 2833 516 2892 navium
540 2850 658 2893 cursum
683 2833 899 2912 adaequamnt
944 2831 1111 2894 Accessum
1133 2833 1243 2895 estad

169 2936 197 2975 ao
210 2915 403 2978 Britanniam
427 2917 568 2979 omnibus
591 2917 721 2979 navibus
744 2918 912 2980 meridiano
934 2919 996 2980 fere
1013 2927 1161 2998 tempore,
1184 2937 1242 2979 ne-

211 3021 269 3083 que
297 3001 329 3064 in
357 3021 391 3063 eo
419 3002 483 3065 loco
514 3002 611 3065 hostis
635 3011 682 3065 est
703 3003 804 3077 visus,
839 3006 908 3077 sed,
936 3012 971 3065 ut
996 3013 1104 3084 postea
1125 3004 1244 3066 Caesar

210 3107 248 3149 ex
281 3088 411 3168 captivis
440 3089 597 3169 cognovit,
632 3107 698 3150 cum
726 3109 854 3171 magnae
881 3109 988 3151 manus
1017 3109 1052 3151 ec
1080 3089 1244 3152 convenis-

210 3183 296 3249 sent,
320 3174 512 3236 multitudine
535 3174 656 3235 navium
680 3176 873 3254 perterritae,
897 3195 974 3256 quae
997 3195 1064 3236 cum
1085 3175 1242 3238 annotinis

210 3260 415 3340 privatisque,
445 3280 521 3340 quas
550 3259 598 3321 sui
626 3261 751 3342 quisque
773 3262 923 3324 commodi
949 3263 1076 3336 iecerat,
1111 3261 1242 3342 amplius

169 3367 196 3405 aa
211 3345 401 3426 octingentae
434 3366 494 3408 uno
524 3355 614 3407 erant
639 3347 725 3409 visae
748 3355 899 3426 tempore,
934 3367 954 3409 a
977 3347 1069 3409 litore
1091 3348 1244 3410 discesse-

211 3440 281 3493 rant
303 3451 339 3493 ac
361 3451 394 3492 se
416 3431 448 3493 in
471 3431 627 3511 superiora
649 3432 718 3494 loca
739 3433 927 3494 abdiderant

180 3534 197 3583 9
276 3517 393 3580 Caesar
415 3518 552 3598 exposito
576 3518 710 3580 exercitu
733 3527 764 3581 et
785 3518 850 3580 loco
874 3518 982 3580 castris
1005 3518 1114 3581 idoneo
1136 3527 1243 3599 capto,

211 3601 263 3663 ubi
286 3622 323 3664 ex
345 3603 475 3683 captivis
498 3603 653 3684 cognovit,
678 3623 737 3684 qno
759 3604 790 3665 in
813 3603 878 3665 loco
900 3604 1034 3666 hostiurn
1049 3604 1154 3685 copiae
1168 3623 1244 3667 con-

211 3687 381 3761 sedissent,
411 3689 585 3751 cohortibus
609 3689 710 3750 decem
732 3691 773 3750 ad
795 3708 879 3751 mare
900 3690 1012 3752 relictis
1036 3700 1067 3752 et
1088 3690 1243 3772 equitibus

169 3795 196 3833 m
211 3775 370 3846 trecentis,
404 3775 455 3855 qui
483 3773 636 3854 praesidio
659 3775 787 3837 navibus
812 3785 929 3851 essent,
964 3779 1001 3839 de
1026 3777 1116 3839 tertia
1136 3776 1244 3856 vigilia

211 3857 251 3919 ad
284 3859 389 3921 hostes
418 3861 574 3922 contendit
600 3879 636 3921 eo
658 3861 758 3922 minus
782 3861 898 3924 veritus
922 3863 1067 3936 navibus,
1102 3863 1183 3942 quod
1209 3862 1243 3925 in

127 3974 129 3978 v
210 3942 300 4005 litore
328 3945 412 4007 molli
440 3955 536 4034 atque
560 3955 667 4027 aperto
689 3947 839 4029 deligatas
861 3950 902 4011 ad
924 3968 1067 4011 ancoram
1089 3949 1245 4028 relinque-
