2616 4492
187 314 190 321 ι
216 262 277 328 168
541 276 591 325 nn
613 273 730 323 nunno
754 272 925 329 carneo,

215 427 272 483 rat
317 417 393 480 Cum
427 414 530 478 liberis
564 415 662 478 omnis
695 413 855 478 multitudo
888 412 1010 475 obviam
1036 414 1236 495 procedebat,

214 505 334 567 hostiae
362 503 500 566 omnibus
528 501 600 564 locis
621 501 864 573 immolabantur,
886 499 1022 562 tricliniis
1045 501 1151 562 stratis
1171 501 1240 562 fora

217 591 389 670 templaque
417 590 649 669 occupabantur,
682 596 717 649 ut
742 586 792 648 vel
819 586 1073 666 exspectatissimi
1094 587 1240 667 triumphi

215 677 333 739 laetitia
360 676 491 757 praecipi
517 683 631 754 posset.
686 675 789 736 Tanta
816 682 883 735 erat
908 672 1130 755 magnificantia
1157 676 1240 755 apud

187 783 200 820 ι
216 762 434 844 opulentiores,
446 761 607 841 ,cupiditas
630 761 710 840 apud
732 760 916 821 humiliores.

175 850 208 898 52
282 849 358 911 Cum
381 866 484 909 omnes
506 847 641 927 regiones
664 846 783 908 Galliae
805 854 927 927 togatae
949 845 1064 908 Caesar
1077 865 1240 927 percucur-

216 935 321 1008 risset,
345 952 466 995 summa
484 933 635 994 celeritate
650 934 690 994 ad
706 932 866 994 exercitum
879 932 1138 995 Nemetocennam
1152 934 1242 996 rediit

216 1020 443 1102 legionibusque
476 1038 513 1080 ex
545 1019 682 1081 omnibus
711 1019 844 1080 bibernis
872 1020 912 1080 ad
939 1019 1016 1080 fines
1038 1020 1240 1081 Treverorum

217 1106 350 1170 evocatis
378 1125 413 1168 co
440 1107 592 1184 profectus
620 1115 667 1166 est
693 1105 792 1184 ibique
820 1104 982 1167 exercitum
1009 1105 1159 1167 lustravit.
1204 1107 1240 1169 T.

174 1212 203 1250 ιο
216 1192 385 1255 Labienum
408 1191 527 1253 Galliae
549 1191 692 1272 praefecit
713 1200 851 1270 togatae,
874 1211 932 1271 quo
955 1191 1068 1254 maiore
1087 1211 1242 1255 commen-

219 1279 340 1342 datione
363 1277 572 1339 conciliaretur
594 1279 633 1339 ad
656 1277 831 1339 consulatus
853 1277 1038 1357 petitionem.
1074 1279 1145 1358 Ipse
1167 1288 1240 1341 tan-

218 1374 281 1428 turn
304 1365 445 1426 itinerum
466 1365 613 1437 faciebat,
637 1373 782 1445 quantum
805 1364 881 1426 satis
905 1383 972 1426 esse
987 1366 1027 1426 ad
1042 1365 1242 1428 mutationem

217 1451 349 1515 locorum
371 1461 495 1530 propter
517 1450 727 1512 salubritatem
744 1448 948 1512 existimabat
990 1450 1036 1513 Ibi
1059 1471 1243 1533 quamquam

217 1540 320 1602 crebro
349 1538 492 1598 audiebat
515 1536 683 1599 Labienum
706 1537 744 1598 ab
765 1536 892 1598 inimicis
915 1536 978 1598 auis
1001 1536 1155 1600 sollicitari
1176 1558 1243 1601 cer-

175 1625 335 1706 latiorque
358 1625 451 1685 fiebat
473 1623 504 1685 id
527 1623 576 1703 agi
598 1641 759 1704 paucorum
774 1622 922 1696 consiliis,
945 1632 980 1685 ιιι
994 1622 1175 1703 interposita
1191 1644 1243 1687 se-

218 1721 310 1774 natus
334 1710 514 1772 auctoritate
536 1709 639 1790 aliqua
659 1718 746 1789 parte
761 1708 909 1770 exercitus
925 1709 1116 1789 spoliaretur,
1139 1720 1243 1774 tamen

218 1817 313 1879 neque
337 1799 374 1858 de
395 1797 531 1859 Labieno
555 1796 681 1858 credidit
702 1796 859 1875 quicquam
881 1814 993 1875 neque,
1021 1804 1126 1858 contra
1150 1816 1244 1860 sena-

218 1892 267 1946 tus
296 1884 506 1945 auctoritatem
528 1892 561 1944 ut
583 1882 696 1963 aliquid
717 1884 843 1955 faceret,
872 1881 979 1943 adduci
1004 1883 1113 1962 potuit.
1156 1883 1245 1946 Iudi·

218 1971 309 2033 cabat
330 1970 408 2030 enim
430 1969 532 2031 liberis
556 1969 713 2030 sententiis
735 1977 855 2048 patrum
869 1967 1106 2047 conscriptorum
1120 1988 1245 2033 causam

175 2077 205 2114 ao
221 2076 306 2119 suam
338 2056 425 2118 facile
458 2055 596 2117 obtineri.
640 2055 719 2117 Nam
754 2053 791 2116 G.
816 2050 923 2128 Curio,
956 2054 1096 2117 tribunus
1129 2057 1244 2137 plebis,

220 2161 288 2205 cum
316 2141 458 2203 Caesaris
486 2160 608 2202 causam
637 2140 872 2221 dignitatemque
900 2140 1117 2204 defendendam
1139 2163 1245 2209 susco-

218 2227 333 2310 pisset‚
362 2247 453 2307 saepe
481 2237 548 2288 erat
574 2226 694 2288 senatui
716 2226 881 2307 pollicitus,
915 2226 943 2288 si
970 2247 1058 2307 quem
1080 2228 1170 2291 timor
1192 2249 1246 2292 ar-

219 2331 336 2376 morum
359 2313 501 2375 Caesaris
523 2313 670 2385 laederet,
694 2312 834 2392 quoniam
856 2312 994 2394 Pompeii
1014 2314 1180 2378 dominatio
1195 2326 1247 2379 at-

221 2420 278 2481 que
311 2419 397 2461 arma
423 2418 483 2460 non
512 2399 668 2461 minimum
695 2409 842 2460 terrorem
863 2400 928 2463 foro
951 2401 1111 2475 inferrent,
1145 2402 1246 2465 disca-

177 2507 205 2544 ιι
222 2488 307 2548 deret
340 2496 464 2567 uterque
491 2486 530 2547 ab
557 2485 650 2547 armis
678 2485 884 2565 exercitusque
906 2486 1083 2549 dimitteret:
1116 2490 1183 2552 fore
1210 2509 1246 2552 eo

220 2573 299 2634 facto
332 2571 459 2633 liberam
486 2580 516 2632 et
544 2571 591 2633 sui
617 2571 690 2633 iuris
713 2571 875 2633 civitatem.
918 2572 1026 2654 Neque
1047 2573 1105 2637 hoc
1126 2582 1247 2639 fantum

219 2656 371 2739 pollicitus
399 2667 463 2731 est,
497 2658 550 2720 sed
572 2657 664 2720 etiam
686 2677 740 2738 per
762 2677 795 2719 sa
818 2658 1032 2721 discessionem
1053 2662 1152 2724 facere
1175 2681 1246 2725 coe-

220 2744 282 2825 pit;
315 2744 393 2826 quod
420 2763 459 2806 na
486 2745 572 2806 fieret
599 2744 738 2806 consules
765 2744 912 2825 amicique
932 2744 1071 2826 Pompeii
1090 2746 1249 2811 iusserunt

222 2838 313 2911 atque
334 2829 464 2893 iterem
487 2832 670 2893 moderando
693 2830 907 2894 discussemnt.
1144 2820 1166 2845 ‘

179 2917 213 2968 53
284 2916 429 2998 Magnum
456 2917 514 2980 hoc
540 2917 745 2979 testimonium
773 2926 898 2979 senatus
926 2926 993 2981 erat
1014 2916 1147 2981 universi
1169 2937 1246 2981 con-

177 3002 406 3085 inveniensque
428 3003 577 3084 superiori
597 3005 686 3066 facto.
724 3002 804 3066 Nam
826 3004 991 3067 Marcellus
1013 3004 1150 3086 proximo
1166 3024 1247 3068 anno

221 3109 287 3152 cum
313 3089 502 3170 impugnaret
524 3089 666 3153 Caesaris
689 3090 880 3172 dignitatem,
908 3099 1012 3153 contra
1033 3090 1130 3173 legem
1150 3090 1248 3153 Pom-

220 3175 280 3259 peii
302 3185 334 3239 et
355 3176 459 3239 Crassi
480 3177 638 3240 rettulerat
661 3186 732 3240 ante
754 3185 873 3258 tempus
896 3178 936 3239 ad
958 3187 1097 3240 senatum
1111 3177 1149 3239 da
1163 3177 1247 3240 Cae-

221 3262 298 3325 saris
320 3263 500 3343 prorinciis,
529 3264 743 3345 sententiisque
771 3264 861 3326 dictis
882 3263 1094 3326 discessionem
1116 3263 1248 3328 faciente

177 3371 205 3408 aa
221 3349 383 3423 Marcello,
412 3350 463 3431 qui
484 3349 542 3412 sibi
565 3369 684 3412 omnem
707 3350 884 3432 dignitatem
907 3369 944 3412 ex
966 3349 1109 3413 Caesaris
1130 3349 1249 3414 invidia

222 3436 402 3516 quaerebat,
426 3445 549 3498 senatus
571 3437 712 3517 frequens
733 3436 765 3498 in
787 3436 849 3498 alia
870 3436 972 3499 omnia
992 3436 1124 3500 transiit.
1168 3435 1248 3509 Qui-

221 3523 279 3583 bus
313 3542 372 3583 non
405 3523 620 3602 frangebantur
653 3522 746 3584 animi
777 3521 964 3585 inimicorum
997 3523 1158 3599 Caesaris,
1193 3527 1249 3588 aed

222 3610 472 3682 admonebantur,
496 3628 555 3688 quo
578 3609 707 3670 maiores
729 3617 874 3688 pararent
895 3611 1109 3685 necessitates,
1137 3610 1247 3690 quibus

223 3695 287 3776 cogi
309 3705 414 3774 posset
437 3702 561 3756 senatus
582 3694 615 3756 id
636 3696 780 3774 probare,
805 3696 884 3776 quod
906 3695 965 3776 ipsi
987 3695 1226 3760 constituissent.

181 3784 215 3833 54
287 3779 339 3842 Fit
361 3781 468 3843 deiude
491 3780 797 3853 senatusconsultum,
820 3790 854 3842 ιιι
874 3784 914 3844 ad
936 3782 1048 3844 bellum
1070 3782 1249 3846 Parthicum

180 3887 202 3925 ιι
223 3864 299 3944 legio
323 3887 384 3927 una
410 3887 430 3928 a
457 3865 516 3928 Gn.
539 3867 698 3948 Pompeio,
733 3868 830 3929 altera
852 3888 872 3929 a
898 3867 931 3930 C.
955 3869 1086 3932 Caesare
1108 3869 1249 3933 mittero-

222 3958 288 4024 tur;
316 3972 413 4033 neque
435 3954 559 4016 obscure
582 3955 660 4016 duae
683 3955 814 4032 legiones
837 3954 888 4016 uni
911 3956 1118 4017 detrahuntur.
1163 3955 1249 4019 Nam
