2616 4492
1156 238 1179 284 V

151 396 240 448 neque
273 380 412 433 Parisinus
445 379 612 448 Nipperdeio
644 380 757 434 iubente
789 385 821 433 ut
847 397 898 448 par
926 387 985 434 crat
1012 381 1076 434 lecti
1103 388 1179 445 sunt,

151 468 327 534 quamobrem
361 467 388 518 in
422 466 572 534 scripturae
600 467 784 536 discrepantia
811 469 964 520 enarranda
992 467 1068 519 dubii
1096 485 1179 536 saepe

149 558 215 605 sunt
244 553 414 620 aliorumque
441 553 625 622 repugnantia
652 555 806 606 adferentes
833 553 989 606 testimonia
1017 553 1114 606 dubios
1136 570 1177 607 re-

148 637 279 708 linquunt
312 656 357 690 eos
386 638 432 706 qui
460 639 563 708 legunt.
609 642 698 703 Quam
728 642 907 710 neglegenter
935 639 1041 709 egerint
1068 640 1086 691 ii
1109 640 1175 703 viri,

147 724 195 792 qui
224 725 290 777 istas
317 725 427 794 legendi
455 730 538 792 atque
567 725 695 778 enotandi
717 731 809 794 partes
832 725 1027 793 suscepissent,
1055 726 1100 778 vel
1122 726 1175 778 sin-

146 809 219 880 gulis
255 811 388 879 exemplis
422 810 582 862 inlustribus
611 812 729 879 probare
758 811 846 864 liceat.
892 812 986 864 Refert
1012 811 1175 882 Nipperdey

146 899 222 967 (pag.
246 896 298 964 40)
332 895 484 950 Parisinum
512 896 628 964 primum
662 897 762 965 partim
790 914 860 948 nono
888 897 988 965 partim
1016 897 1174 951 duodecimo

145 983 255 1035 saeculo
277 982 408 1051 scriptum
431 999 502 1043 esse,
526 999 619 1035 rerum
641 1000 671 1034 se
692 988 799 1051 partem
815 984 905 1044 illam,
929 1000 999 1051 quae
1015 983 1173 1036 duodecimo

144 1070 254 1123 saeculo
277 1068 378 1137 scripta
399 1068 447 1129 sit,
476 1069 565 1121 altera
592 1069 752 1122 deteriorem
775 1087 828 1120 non
851 1070 1073 1137 deprehendisse:
1102 1075 1173 1122 cete·

144 1170 213 1217 rum,
237 1171 370 1224 quaenam
393 1160 465 1207 esset
486 1154 540 1206 ista
561 1171 624 1223 pars
647 1156 734 1208 tribus
757 1156 871 1208 saeculis
893 1155 1034 1217 recentior,
1058 1173 1110 1207 non
1127 1158 1173 1208 de·

142 1239 237 1294 finivit
282 1243 369 1303 Quam
397 1257 454 1293 rem
477 1240 603 1309 equidem
625 1241 665 1292 ita
688 1259 717 1294 se
740 1242 841 1294 habere
863 1241 1074 1294 adfirmaverim:
1109 1248 1173 1295 sunt

143 1343 198 1379 uuo
222 1326 358 1380 volumine
381 1326 567 1395 comprehensi
591 1327 714 1380 Caesaris
737 1328 801 1379 belli
818 1327 916 1380 Gallici
933 1333 961 1379 et
975 1327 1085 1397 Iosephi
1101 1328 1171 1380 anti-

143 1411 281 1480 quitatum
309 1413 482 1466 Iudaicarum
510 1412 615 1480 aliquot
642 1413 719 1475 libri,
753 1415 788 1466 de
817 1414 916 1482 quibus
947 1413 1079 1466 universis
1102 1415 1171 1466 haec

141 1499 228 1551 habet
259 1500 414 1570 catalogus:
447 1499 487 1551 ”Is
515 1501 601 1551 codex
628 1499 728 1567 partim
759 1517 844 1562 nono,
877 1499 976 1568 partim
1011 1499 1170 1552 duodecimo

141 1585 250 1637 saeculo
284 1591 414 1639 exaratus
446 1585 577 1638 videtur.'‘
625 1585 697 1638 Nam
729 1586 839 1639 saeculo
873 1585 1032 1637 duodecimo
1064 1585 1170 1638 exarati

140 1675 205 1722 sunt
225 1669 289 1723 libri
310 1671 436 1739 Iosephi,
465 1670 587 1723 Caesaris
614 1675 706 1723 autern
729 1687 821 1722 omnes
844 1669 866 1722 si
889 1687 943 1722 non
963 1670 1066 1732 tribus,
1097 1676 1170 1723 certe

140 1756 248 1809 duobus
272 1757 388 1809 saeculis
412 1760 483 1808 ante.
529 1756 706 1808 Continentur
728 1756 757 1808 hi
780 1755 1004 1823 quaternionibus
1020 1757 1136 1808 sedecim
1151 1773 1170 1810 a

138 1841 227 1895 tribus
249 1844 308 1904 rel,
331 1844 404 1910 quod
426 1840 594 1909 probabilius
616 1841 733 1903 ridetur,
755 1858 774 1893 a
795 1847 925 1909 quattuor
940 1841 1057 1894 librariis
1079 1842 1107 1893 in
1130 1842 1169 1894 ri·

138 1945 197 1981 cem
220 1928 328 1997 scripti,
352 1946 405 1997 quo
428 1927 456 1979 in
479 1944 561 1995 opere
582 1926 709 1980 faciundo
732 1944 787 1979 nou
809 1943 916 1995 semper
938 1930 972 1980 ad
997 1928 1075 1981 initia
1090 1928 1167 1981 folio·

137 2029 199 2066 rum
228 2013 298 2067 alius
326 2015 411 2068 alium
440 2013 562 2081 excepit;
592 2030 663 2081 quae
685 2018 777 2066 autem
799 2030 895 2066 manus
918 2013 972 2067 iam
995 2015 1023 2066 in
1046 2020 1166 2068 extremo

138 2100 220 2152 tertio
242 2101 420 2168 quaternione
442 2105 525 2169 atque
547 2099 575 2151 in
596 2098 729 2168 principio
752 2099 843 2167 quarti
867 2105 1019 2168 comparet,
1051 2117 1084 2152 ea
1106 2100 1167 2170 ipsa

138 2185 167 2238 in
195 2191 337 2254 quatemn.
363 2185 487 2240 13-16
518 2191 614 2254 aperte
636 2185 799 2256 agnoscitur.
844 2186 887 2238 De
909 2187 1097 2257 Bongarsiano
1126 2204 1167 2239 er·

136 2287 212 2324 rasse
232 2271 359 2342 arguitur
382 2273 547 2340 Oudendorp
570 2271 634 2338 (rid.
649 2272 731 2341 Nipp.
755 2289 781 2340 p.
800 2271 865 2336 39),
895 2272 942 2341 qui
964 2273 991 2324 in
1013 2271 1082 2325 libro
1104 2287 1167 2337 vm,

135 2357 184 2419 ubi
205 2358 355 2426 posteriore
376 2364 499 2426 tempore
523 2360 576 2410 duo
598 2358 665 2410 folia
687 2358 837 2410 substituta
859 2363 935 2420 sunt,
959 2359 1023 2410 inde
1043 2359 1165 2411 amedio

137 2460 196 2512 cap.
220 2444 259 2496 43
284 2461 370 2512 usque
392 2446 428 2497 ad
451 2443 558 2496 initium
580 2444 677 2513 capitis
702 2443 741 2496 52
764 2460 858 2495 rursus
881 2461 1015 2513 apparere
1039 2446 1165 2498 observa·

135 2534 214 2583 verat
241 2546 351 2583 manum
379 2535 523 2584 vetustam.
568 2531 644 2582 Haec
672 2547 736 2582 vero
766 2546 863 2581 norem
891 2530 947 2582 fere
969 2529 1061 2599 capita
1082 2547 1164 2584 mauu

91 2663 94 2666 .
134 2615 185 2669 illa
213 2621 322 2669 vetusta
344 2633 408 2668 rere
430 2617 531 2685 scripta
552 2633 611 2668 esse
634 2616 692 2686 ipse
712 2614 779 2668 meis
802 2614 886 2667 oculis
909 2614 964 2668 vidi
988 2622 1016 2668 et
1037 2633 1087 2685 pro
1109 2633 1165 2669 cer·

133 2701 237 2754 tissima
267 2706 388 2754 statuere
410 2702 505 2755 ausim.
551 2702 582 2754 In
613 2702 678 2771 ipsis
702 2706 794 2754 autem
817 2701 982 2754 conferendis
1004 2703 1047 2755 his
1069 2703 1166 2755 codici·

134 2787 185 2839 bus
214 2787 270 2840 alia
293 2788 391 2840 omissa
414 2805 473 2840 esse
495 2787 551 2841 alia
572 2788 715 2840 commissa
737 2787 900 2856 quicumque
923 2789 1095 2842 collationem
1116 2806 1164 2840 uo·

132 2878 217 2926 stram
250 2877 437 2941 perscrutatus
471 2873 523 2925 erit
554 2873 635 2927 facile
664 2872 784 2927 inveniet
796 2866 827 2938 2).
880 2875 957 2936 Quae
984 2875 1012 2927 in
1040 2874 1163 2928 Parisino

131 3049 199 3100 que.
225 3031 392 3098 lapionisqnc.
431 3031 488 3089 128,
506 3031 540 3080 32
565 3034 753 3081 coustituit.
779 3034 956 3083 constiterunt.
1000 3036 1058 3092 131,
1076 3036 1094 3084 4
1115 3044 1163 3086 at·

131 3118 198 3167 quc.
217 3108 294 3166 atquc
313 3115 347 3150 eo.
377 3099 434 3158 131,
456 3099 488 3148 13
510 3101 610 3164 ipsos.
631 3099 749 3163 clipeos.
781 3099 867 3160 135,9
885 3103 998 3152 Eodem
1017 3106 1162 3152 conveni-

131 3176 199 3222 unt.
221 3168 392 3219 Conveniunt.
429 3167 539 3226 141,15
559 3168 608 3215 Ac.
628 3165 708 3230 Apud
725 3183 798 3232 quos.
837 3170 894 3227 144,
913 3170 945 3220 22
964 3173 1161 3221 necessario.

131 3237 333 3303 nccccswioqac.

204 3320 222 3382 ²]
241 3323 280 3372 Dc
298 3322 416 3370 Parisino
429 3321 515 3370 videas
529 3319 640 3381 exempli
654 3333 734 3368 causa
746 3318 793 3366 hos
806 3321 874 3370 locos
888 3322 955 3383 apud
967 3319 1160 3384 Nipperdcium:

133 3391 176 3449 18,
196 3385 228 3440 17
246 3391 341 3448 Dum,
368 3390 410 3448 21,
428 3389 444 3438 6
463 3406 513 3447 ec,
530 3387 573 3445 35,
587 3387 618 3434 21
638 3384 916 3447 detrahendas&
929 3389 962 3438 26
981 3391 1161 3439 custodiam

131 3474 168 3509 ex
186 3459 255 3508 suis
273 3474 309 3507 ac
326 3458 540 3523 praesidium,
562 3457 619 3513 144,
632 3456 667 3504 24
685 3456 786 3504 Gaius
799 3457 970 3515 Caninius,
990 3455 1076 3515 147,·2
1093 3460 1161 3507 Am·

130 3529 311 3584 bivaretos,
333 3524 419 3585 162,5
437 3542 508 3576 esse
525 3525 691 3582 fluminis,
711 3521 798 3582 167,8
816 3526 847 3574 in
865 3525 981 3590 Belgio
1001 3540 1081 3584 cum,
1102 3527 1160 3585 168,

132 3595 166 3646 10
187 3595 353 3660 praefecit
374 3601 525 3661 togatae.
552 3593 659 3656 168,18
677 3592 793 3642 adduci
811 3595 933 3657 potuit,
962 3591 1020 3653 169,
1039 3594 1055 3644 3
1072 3594 1160 3644 Pom·

129 3665 211 3729 pail,
232 3661 289 3722 169,
303 3661 336 3712 23
354 3662 583 3729 belligerandi.
619 3662 658 3711 De
676 3661 920 3719 Amstelodamcusi,
938 3668 968 3712 ut
985 3678 1065 3727 pauca
1078 3679 1160 3713 exem-

129 3733 168 3797 pli
192 3733 278 3797 gratia
299 3747 407 3794 ponam,
435 3733 468 3780 ad
491 3732 555 3781 haec
578 3731 646 3780 nihil
670 3735 715 3780 aut
739 3744 829 3793 parum
855 3731 963 3780 relatum
987 3737 1038 3781 est:
1066 3733 1108 3790 24,
1126 3730 1161 3782 36

130 3804 311 3856 torrerent,
337 3797 380 3858 33,
392 3800 423 3848 41
444 3799 661 3850 omittendum
684 3799 876 3858 consilium,
902 3797 944 3857 43,
964 3799 993 3848 11
1013 3807 1077 3857 est,
1101 3798 1159 3858 135,

130 3869 166 3918 42
190 3883 225 3920 ex
248 3869 319 3932 ipsa
342 3869 527 3932 provincia,
555 3865 614 3924 143,
634 3866 665 3918 16
683 3869 720 3924 ii,
748 3863 859 3925 166,19
883 3883 938 3931 per
956 3868 1053 3918 iidem
1071 3871 1159 3933 inpo-

134 3940 207 3988 sita
224 3937 284 4000 (qno
304 3937 405 3998 quidem
424 3937 486 3995 loco,
505 3936 566 3999 quid
585 3951 658 3998 super
676 3949 774 3986 versum
794 3938 915 3999 scriptum
936 3937 981 3994 sit,
999 3943 1161 3992 memoratur,
