2616 4492
200 272 247 339 ts
528 289 579 337 nr
599 290 719 339 amm
740 292 899 339 causeo

203 428 322 495 eam
338 429 448 493 mem
469 429 523 492 illo
544 431 697 511 pertinere
717 431 934 504 arbitrabatur,
967 440 1002 492 ut
1026 428 1121 491 tridui
1141 449 1231 491 mora

203 514 385 597 interposita
415 516 534 597 equites
566 536 686 592 eorum,
719 518 771 598 qui
802 519 963 591 abessent,
990 526 1229 589 reverterentur3

204 610 310 667 umen
334 621 403 665 sese
431 621 492 666 uon
514 602 632 684 longius
652 602 775 665 milibus
795 623 941 683 passuum
963 614 1110 683 quattuor
1130 621 1230 681 aqua-

205 688 299 753 tionis
329 707 424 751 eausa
454 707 664 769 processurum
690 709 727 751 eo
753 690 804 751 die
830 691 923 752 dixit:
955 689 1015 751 huc
1035 700 1159 769 postero
1179 689 1230 751 die

178 794 300 857 ‚wem
319 775 556 856 frequentissimi
575 776 784 849 convenirent,
816 788 853 837 ut
878 778 917 838 de
938 794 1043 837 eorum
1064 774 1230 873 postmuis

208 871 409 943 wmrosocret.
451 861 578 924 Interim
599 863 641 925 ud
660 863 846 962 praefectos,
875 862 927 943 qui
948 881 1017 924 cum
1038 861 1121 922 omni
1142 861 1230 940 equi-

208 957 278 1011 tatu
299 957 542 1022 anteoesseraut,
564 948 659 1010 mittit
679 949 731 1029 qui
751 949 942 1022 nuntiarent,
964 968 1004 1009 ne
1017 947 1124 1009 hostes
1137 966 1230 1026 proe-

208 1032 251 1099 lio
272 1033 457 1097 lasessemm
469 1046 516 1108 et,
538 1035 567 1096 si
579 1035 640 1115 ipsi
654 1034 884 1107 lacesserentur,
905 1035 1108 1107 sustinerent,
1129 1033 1231 1114 quenti

209 1118 276 1202 ipse
297 1138 366 1183 cum
386 1121 516 1183 aercitu
538 1121 662 1201 propius
683 1122 872 1183 antemisset.

168 1222 202 1275 12
273 1204 322 1268 At
341 1206 462 1279 hostes,
488 1207 540 1269 nbi
560 1208 689 1287 primum
711 1217 832 1268 nostros
854 1206 971 1286 equites
992 1213 1230 1285 conspexerunt,

167 1326 192 1367 n
206 1311 333 1374 quorum
365 1303 434 1355 erat
459 1307 484 1352 v
510 1293 625 1355 milium
651 1311 810 1366 nummus,
843 1312 910 1355 cum
932 1291 992 1372 ipsi
1014 1311 1075 1353 non
1097 1291 1231 1370 amplius

210 1378 399 1460 octingentos
431 1379 549 1459 equites
580 1379 743 1453 habereut,
776 1381 857 1459 quod
883 1379 922 1450 ii,
954 1378 1007 1458 qui
1027 1377 1232 1440 frumentandi

211 1484 308 1529 unsa
332 1465 430 1528 ierant
456 1476 542 1527 trans
564 1466 701 1540 Mosam,
734 1467 868 1527 noudum
889 1465 1058 1538 redierant,
1091 1463 1168 1524 nihil
1187 1463 1231 1525 ti-

210 1551 362 1615 mentibus
389 1552 518 1626 uostris,
551 1553 632 1633 quod
659 1552 751 1632 legati
777 1571 880 1613 eorum
902 1551 994 1631 paulo
1015 1560 1089 1612 aute
1110 1569 1131 1610 a
1150 1549 1232 1611 Cae-

169 1671 197 1712 „
212 1656 282 1701 sure
306 1638 511 1701 discesserant
536 1648 628 1719 atque
649 1639 677 1700 is
698 1638 763 1700 dies
784 1638 909 1700 indutiis
931 1646 999 1698 erat
1019 1638 1059 1699 ab
1080 1636 1130 1698 his
1150 1635 1233 1715 peti·

211 1734 278 1798 tus‚
299 1724 415 1806 impetu
435 1726 516 1787 facto
538 1725 674 1787 celeriter
695 1733 817 1786 nostros
838 1724 1104 1805 perturbaverunt.
1147 1722 1234 1785 Bur-

212 1829 266 1875 sus
293 1811 504 1874 resistentibus
531 1810 746 1874 cousuetudine
774 1830 831 1873 sua
852 1812 892 1872 ad
913 1811 1007 1890 pedes
1029 1809 1233 1882 desiluerunt,

213 1897 362 1959 subfossis
383 1898 468 1978 equis
490 1898 751 1978 compluribusque
773 1897 887 1958 nostris
909 1895 1032 1958 deiectis
1048 1894 1180 1975 rehquos
1201 1894 1235 1956 iu

213 1983 317 2063 lugam
343 1984 533 2045 coniecerunt
559 1993 650 2064 atque
676 1984 722 2045 ita
747 1983 922 2063 perterritos
944 1991 1085 2062 egerum,
1117 1990 1236 2043 utnon

170 2067 299 2148 „prius
325 2069 396 2149 luge
421 2069 618 2144 desisterent,
646 2088 737 2149 quam
758 2069 789 2130 iu
811 2078 1002 2148 conspectum
1024 2067 1154 2149 agminis
1174 2085 1234 2128 no-

215 2153 272 2217 stri
293 2155 458 2218 venisseut
507 2155 544 2217 Iu
572 2175 607 2217 eo
629 2155 743 2236 proelio
766 2175 804 2217 ex
825 2154 976 2237 equitibus
999 2153 1113 2216 nostris
1134 2153 1233 2215 iuter-

215 2239 355 2303 t'teiuutur
386 2249 529 2322 quattuor
560 2250 592 2302 et
623 2241 831 2322 septuaginta,
864 2242 895 2303 iu
921 2242 960 2303 iis
986 2240 1035 2302 vir
1054 2239 1236 2302 fortissimus

215 2324 289 2389 Piso
310 2325 500 2408 Aquitanus‚
528 2326 714 2408 amplissimo
736 2347 844 2408 genere
864 2338 972 2400 natus,
1000 2326 1085 2389 cuius
1106 2346 1183 2387 avus
1203 2325 1237 2388 iu

216 2410 338 2475 civitate
369 2433 428 2476 sua
457 2433 581 2494 reguum
608 2414 780 2477 obtinuerat
801 2415 915 2477 amicus
937 2415 977 2476 ab
1000 2422 1108 2475 senatu
1129 2421 1235 2474 nostro

172 2532 201 2573 η
216 2498 397 2579 appellatus.
440 2500 498 2562 Hic
524 2519 590 2561 cum
616 2501 704 2562 fratri
731 2501 894 2562 intercluso
922 2501 962 2562 ab
984 2500 1123 2562 hostibus
1146 2497 1234 2561 auxi-

217 2583 290 2647 lium
316 2586 425 2660 ferret,
457 2585 542 2649 illum
569 2605 608 2649 ex
627 2587 760 2667 periculo
783 2587 906 2667 eripuit,
940 2587 1005 2666 ipse
1028 2605 1104 2666 equo
1124 2585 1236 2646 vulne-

216 2678 283 2742 rato
306 2672 454 2747 deiectus,
478 2674 577 2753 quoad
599 2673 712 2752 potuit,
734 2674 898 2735 fortissime
918 2672 1039 2734 restitit.
1084 2672 1159 2733 Cum
1174 2671 1235 2733 cir·

217 2767 394 2821 eumventus
417 2759 519 2822 multis
540 2758 715 2822 vulneribus
737 2759 868 2840 acceptis
890 2759 1061 2832 cecidisset,
1090 2767 1182 2838 atque
1202 2756 1236 2819 id

217 2843 322 2917 frater,
355 2845 406 2925 qui
432 2844 493 2907 iam
519 2845 632 2925 proelio
655 2855 843 2919 excesserat,
875 2845 977 2926 procul
999 2842 1236 2906 animadvertis-

174 2963 203 3003 ,ο
218 2939 280 3004 set,
302 2930 424 2994 incitato
447 2951 522 3013 equo
545 2951 578 2993 se
599 2932 738 2996 hostibus
760 2933 870 2995 obtulit
884 2940 975 3012 atque
990 2931 1165 2992 interiectus
1180 2938 1236 2992 est

177 3030 209 3083 18
281 3016 348 3080 Hoc
372 3020 453 3081 lacto
480 3017 593 3098 proelio
621 3017 736 3083 Caesar
757 3038 854 3099 neque
875 3018 936 3079 iam
960 3017 1018 3079 sibi
1040 3016 1155 3097 legatos
1177 3035 1236 3077 au-

218 3101 343 3165 diendos
365 3123 461 3184 neque
483 3104 672 3167 condiciones
695 3105 882 3186 accipiendas
905 3103 1111 3166 arbitrabatur
1132 3102 1171 3164 ab
1185 3102 1235 3176 iis,

218 3189 269 3271 qui
289 3208 343 3269 per
365 3190 465 3253 dolum
489 3201 578 3272 atque
600 3191 727 3254 insidias
749 3191 845 3273 petita
866 3210 939 3271 pace
961 3191 1041 3251 ultro
1056 3189 1168 3251 bellum
1182 3188 1233 3249 in-

217 3273 367 3339 tulissent.
411 3277 598 3357 Exspectare
629 3297 716 3352 vero,
751 3279 822 3340 dum
849 3277 982 3339 hostium
1010 3275 1115 3356 copiae
1142 3294 1236 3355 auge-

174 3385 202 3425 ss
217 3371 320 3425 rentur
347 3364 556 3445 equitatusque
580 3372 792 3437 reverteretur,
820 3382 956 3425 summae
979 3362 1147 3424 dementiae
1169 3380 1238 3422 esse

217 3446 384 3525 iudicabat,
413 3458 444 3512 et
465 3450 585 3531 cognita
606 3449 765 3513 Gallorum
785 3450 976 3522 infirmitate,
1005 3458 1150 3530 quantum
1172 3447 1234 3508 iam

217 3536 299 3615 apud
331 3555 382 3599 eos
415 3535 518 3601 hostes
551 3556 611 3598 uno
638 3536 752 3617 proelio
781 3536 968 3598 auctoritatis
996 3545 1101 3597 essent
1126 3552 1237 3597 seuse-

219 3620 295 3695 euti,
329 3621 494 3696 sentiebat;
527 3623 635 3703 quibus
663 3624 702 3685 ad
729 3622 854 3684 consilia
880 3623 1026 3703 capienda
1048 3620 1121 3683 nihil
1145 3619 1237 3699 spatii

219 3705 350 3769 dandum
384 3708 586 3773 existimabat.
640 3709 697 3773 His
731 3709 904 3771 constitutis
938 3710 1028 3771 rebus
1056 3718 1087 3770 et
1109 3705 1235 3768 consilio

175 3814 205 3855 so
219 3810 285 3855 cum
318 3792 424 3873 legatis
458 3805 488 3857 et
519 3805 680 3875 quaestore
713 3795 946 3869 communicato,
980 3814 1018 3856 ne
1046 3813 1134 3874 quem
1157 3792 1237 3854 diem

218 3896 335 3959 pugnes
362 3881 628 3960 praetermitteret,
655 3882 911 3961 opportunissima
932 3900 981 3942 res
1005 3881 1127 3955 accidit,
1156 3878 1238 3959 quod

218 3965 361 4047 postridie
383 3965 446 4028 eius
469 3967 529 4029 diei
550 3987 639 4031 mans
661 3969 765 4031 eadem
789 3977 820 4029 et
841 3968 967 4048 perfidia
989 3975 1020 4029 et
1042 3965 1236 4029 simulatione
