2616 4492
384 314 457 360 nna.
474 315 521 360 vr.
545 308 621 361 cnr.
641 297 778 388 lli-22.
1038 296 1096 362 <99

76 450 208 530 peravit,
232 452 272 537 ad
294 471 362 512 eum
383 472 455 532 pars
477 454 632 533 utriusque
656 472 722 514 cmn
743 452 888 514 imctibus
911 452 1096 533 superiorum

77 546 244 617 temporum
272 540 418 617 pervenit.
462 540 530 601 Viri
556 539 587 600 in
614 559 723 600 uxores
752 539 839 600 sicuti
860 539 892 599 in
914 540 1023 601 liberos
1045 540 1096 601 vi·

76 632 127 684 tae
149 624 288 703 necisque
310 626 425 686 habent
445 634 643 705 potestatem,
668 635 697 686 et
719 644 790 688 oum.
807 625 1025 704 paterfamiliae
1045 625 1095 686 in-

75 709 215 781 lustriore
249 711 313 771 loco
347 722 437 772 natus
466 713 609 786 decessit,
644 712 707 772 eins
734 709 894 792 propinqui
916 711 1097 773 conveniunt

76 804 121 867 et,
146 798 183 857 de
206 806 302 856 morte
326 798 352 857 si
373 817 421 858 res
443 799 475 858 in
499 799 696 877 suspicionem
719 797 818 871 venit,
843 800 879 859 de
901 798 1042 859 uxoribus
1064 798 1124 859 ins

76 881 215 942 servilem
249 884 370 962 modum
403 885 609 963 quaestionem
636 886 751 945 habent
779 893 823 956 et,
858 884 884 944 si
913 892 1097 963 compertum

76 976 138 1040 est,
161 968 222 1048 igni
245 978 334 1049 atque
358 970 493 1031 omnibns
510 971 675 1042 ¹tormentis
698 970 882 1031 excruciatas
904 970 1096 1032 interficiunt.

75 1055 198 1115 Funera
220 1064 291 1115 sunt
312 1075 367 1135 pro
390 1057 471 1118 cultu
495 1056 650 1118 Gallorum
674 1057 832 1136 magnilica
855 1066 886 1118 et
908 1066 1095 1136 sumptuosa,

76 1141 251 1220 omniaque,
281 1161 357 1221 quae
385 1143 465 1204 vivis
493 1143 574 1205 cordi
595 1143 688 1204 fuisse
711 1143 906 1214 arbitrantur,
939 1144 971 1203 in
997 1142 1097 1223 ignem

75 1226 222 1300 inierunt,
248 1228 337 1288 etiam
361 1229 518 1303 animalia,
544 1249 579 1313 ac
599 1230 690 1309 paulo
713 1249 806 1308 snpra
826 1231 905 1290 hanc
921 1229 1096 1291 memoriam
1117 1248 1141 1285 ιο

76 1313 157 1374 servi
180 1321 209 1374 et
231 1313 370 1388 clientes,
395 1334 469 1395 quos
492 1317 531 1377 ab
553 1317 591 1376 iis
614 1317 738 1396 dilectos
761 1334 827 1376 esse
850 1316 1023 1387 constabat,
1045 1315 1096 1376 iu-

77 1399 133 1460 stis
156 1400 308 1460 funeribus
332 1402 473 1462 conlectis
495 1421 557 1463 una
579 1403 797 1462 cremabantur.

141 1483 228 1554 Quae
261 1485 399 1548 civitates
433 1489 616 1548 commodius
649 1507 736 1549 suam
768 1507 831 1548 rem
858 1486 1007 1566 publicam
1039 1487 1140 1548 ari-20

76 1571 249 1632 ministrare
272 1573 493 1646 existimantur,
522 1575 637 1634 habent
658 1574 773 1654 legibus
797 1583 951 1645 sanctum,
981 1572 1101 1652 siquis

77 1659 147 1737 quid
178 1659 214 1718 do
236 1659 409 1737 republica
432 1655 450 1719 a
472 1659 608 1720 finitimis
630 1679 747 1721 rumore
771 1679 806 1719 ac
826 1661 910 1720 lama
932 1658 1096 1738 acceperit,
1117 1673 1141 1711 ¹⁵
1203 1732 1209 1745 Ι

76 1744 122 1803 uti
151 1745 189 1803 ad
215 1744 424 1823 magistratum
447 1747 562 1806 deferat
584 1764 660 1805 neve
680 1765 747 1806 curn
770 1764 827 1825 quo
850 1745 908 1805 alio
932 1744 1098 1805 communi-

78 1838 140 1902 cet,
172 1831 250 1908 qnod
280 1848 370 1909 saepe
393 1831 537 1892 homines.
551 1832 726 1892 temerarios
749 1842 839 1910 atque
860 1831 1015 1910 imperitos
1037 1831 1099 1892 ial-

78 1915 120 1976 sis
148 1915 317 1976 rumoribus
345 1918 451 1978 terreri
473 1927 503 1978 et
526 1919 564 1978 ad
586 1918 701 1978 facinus
723 1916 891 1996 impelli'et
913 1919 950 1978 de
972 1916 1098 1979 summis

77 2003 167 2062 rebus
200 2002 355 2063 consilium
383 2022 489 2082 capere
518 2004 668 2084 cognitum
696 2013 750 2064 est.
800 2003 998 2083 Magistratus
1021 2021 1098 2082 quae

77 2087 147 2148 visa
169 2097 241 2148 sunt
263 2089 414 2150 occultant
436 2109 570 2170 quaeque
594 2109 660 2151 esse
675 2109 712 2150 ex
726 2109 783 2151 usu
797 2090 1003 2151 indicaverunt
1017 2089 1097 2150 mul·
1114 2104 1141 2142 ²0

78 2174 201 2235 titudini
228 2176 368 2254 produnt.
411 2176 459 2237 De
487 2196 519 2238 re
541 2177 661 2256 publica
682 2176 741 2237 nisi
762 2176 994 2256 per·concilium
1016 2174 1098 2255 loqui

78 2280 140 2322 non
161 2261 340 2322 conceditur.
393 2284 395 2288 ⁴
656 2284 661 2294 ·

103 2381 107 2391 ·
144 2346 288 2408 Germani
309 2348 435 2409 multum
458 2349 497 2409 ab
519 2348 812 2412 hacconsuetudine
835 2347 984 2408 differunt.
1016 2346 1098 2408 Nam
1107 2347 1139 2396 21

78 2452 174 2513 neque
202 2434 320 2495 druides
343 2435 471 2507 habent,
501 2434 552 2514 qui
574 2435 662 2495 rebus
686 2434 796 2495 divinis
818 2429 969 2513 praesint,
1003 2452 1099 2513 neque

79 2520 231 2580 sacrificiis
265 2522 396 2581 student.
451 2521 581 2582 Deorum
615 2540 737 2581 numero
772 2540 823 2581 eos
858 2519 938 2580 solos
972 2520 1143 2602 ducentas

80 2625 154 2685 quos
178 2615 302 2666 cernunt
325 2615 355 2668 et
376 2627 498 2687 quorum
522 2616 625 2685 aperte
649 2608 753 2686 opibus
775 2607 928 2678 iuvantur,
952 2604 1053 2667 Solem
1069 2614 1100 2666 et

79 2692 250 2752 Vulcanum
274 2701 304 2752 et
324 2692 458 2765 Lunam}
482 2693 610 2772 reliquos
626 2713 664 2753 ne
678 2695 761 2754 lama
776 2693 895 2772 quidem
912 2700 1098 2771 acceperunt.

79 2777 155 2837 Vita
183 2777 280 2837 omnis
306 2777 338 2837 in
364 2778 576 2839 venationibus
600 2788 689 2859 atque
710 2777 742 2839 in
765 2780 872 2840 studiis
895 2778 938 2838 rei
961 2778 1100 2838 militaris

81 2861 236 2934 consistit3
269 2863 308 2922 ab
341 2863 475 2941 parvulis
508 2864 604 2924 labori
638 2883 673 2925 ac
705 2864 834 2925 duritiae
863 2865 993 2924 student.
1039 2862 1100 2932 Qui

81 2947 249 3008 diutissime
270 2947 439 3026 impuberes
461 2959 707 3026 permanserunt,
742 2950 904 3010 maximam
926 2949 1006 3011 inter
1028 2969 1099 3012 suos
1117 2971 1143 3008 ³0

80 3036 181 3095 ferunt
203 3033 336 3117 laudem:
360 3034 417 3094 hoo
439 3033 480 3094 ali
502 3042 666 3107 staturam,
690 3035 731 3095 ali
745 3036 826 3118 vires
842 3054 1009 3115 nervosque
1025 3054 1099 3096 con-

80 3120 195 3181 firmari
227 3128 345 3199 putant.
400 3120 486 3180 Intra
518 3138 630 3180 annum
663 3138 734 3181 vero
767 3122 939 3182 vicesimum
971 3121 1100 3181 feminac

81 3207 222 3267 notit-iam
249 3205 390 3269 habuisse
417 3207 449 3266 in
471 3204 653 3284 turpissimis
675 3204 790 3267 habent
811 3209 916 3279 rebus;
951 3207 1034 3266 cuius
1057 3204 1101 3267 rei

81 3293 165 3354 nulla
187 3302 235 3354 est
257 3292 431 3367 occultatio,
456 3293 535 3373 quod
556 3300 587 3352 et
608 3293 776 3371 prorniscue
795 3293 827 3353 in
842 3292 1015 3353 fluminibus
1030 3310 1101 3379 per-

81 3380 205 3442 luuntur
233 3386 262 3439 et
288 3374 416 3457 pellibus
439 3387 492 3440 aut
513 3378 616 3457 parvis
639 3397 783 3439 renonum
806 3378 986 3460 tegumentis
1009 3387 1101 3438 utun·
1118 3400 1144 3438 aa

81 3475 133 3526 tur
154 3485 264 3546 magna
286 3466 417 3544 eorporis
439 3474 526 3546 parte
549 3466 638 3525 nuda.

146 3551 358 3632 Agriculturae
385 3571 446 3613 non
474 3553 612 3625 student,
640 3550 794 3630 maiorque
819 3569 890 3628 pars
914 3569 1015 3610 eorum
1037 3550 1101 3610 vic·
1109 3557 1143 3607 22

83 3647 133 3699 tus
154 3638 186 3698 in
208 3638 302 3710 lacte,
326 3657 429 3711 caseo,
453 3657 541 3700 carne
563 3637 709 3699 consistit.
743 3637 849 3717 Neque
865 3637 1020 3717 quisquam
1036 3635 1101 3717 agri

85 3725 205 3785 modum
227 3732 341 3785 certum
363 3734 416 3786 aut
437 3726 512 3786 fines
534 3725 628 3785 habet
649 3723 801 3803 proprios,
830 3726 883 3784 sed
904 3723 1100 3803 magistratus

86 3828 122 3870 ac
148 3811 297 3890 principes
323 3811 355 3871 in
383 3831 477 3873 annos
501 3811 632 3891 singulos
655 3810 793 3889 gentibus
816 3809 1100 3891 cognationibusque
1116 3830 1143 3868 so

84 3895 254 3970 hominurn,
278 3897 329 3976 qui
351 3898 547 3959 communiter
569 3897 718 3971 coierunt,
743 3907 887 3976 quantum
910 3906 940 3957 et
962 3915 1019 3976 qno
1035 3896 1100 3957 loco

85 3980 186 4044 visum
218 3991 266 4044 est
298 3984 363 4064 agri
390 3985 558 4048 attribuunt
585 3993 675 4063 atque
698 4002 776 4044 anno
799 3992 869 4062 post
890 3982 949 4045 alio
972 3981 1101 4045 transire
