<?xml version="1.0" encoding="UTF-8"?>
<!DOCTYPE html PUBLIC "-//W3C//DTD XHTML 1.0 Transitional//EN"
    "http://www.w3.org/TR/xhtml1/DTD/xhtml1-transitional.dtd">
<html xmlns="http://www.w3.org/1999/xhtml" xml:lang="en" lang="en">
 <head>
  <title>
</title>
<meta http-equiv="Content-Type" content="text/html;charset=utf-8" />
  <meta name='ocr-system' content='tesseract 3.04.00' />
  <meta name='ocr-capabilities' content='ocr_page ocr_carea ocr_par ocr_line ocrx_word'/>
</head>
<body>
  <div class='ocr_page' id='page_1' title='image "./debellogallicol00friggoog_0192.png"; bbox 0 0 2616 4492; ppageno 0'>
   <div class='ocr_carea' id='block_1_1' title="bbox 395 264 1115 331">
    <p class='ocr_par' dir='ltr' id='par_1_1' title="bbox 395 264 1115 331">
     <span class='ocr_line' id='line_1_1' title="bbox 395 264 1115 331; baseline -0.001 -2"><span class='ocrx_word' id='word_1_1' title='bbox 395 283 465 329; x_wconf 77' lang='lat' dir='ltr'>am.</span> <span class='ocrx_word' id='word_1_2' title='bbox 481 280 557 331; x_wconf 89' lang='lat' dir='ltr'>vm.</span> <span class='ocrx_word' id='word_1_3' title='bbox 580 281 657 330; x_wconf 71' lang='lat' dir='ltr'>err.</span> <span class='ocrx_word' id='word_1_4' title='bbox 671 264 810 329; x_wconf 77' lang='lat' dir='ltr'>ta-co.</span> <span class='ocrx_word' id='word_1_5' title='bbox 1054 264 1115 328; x_wconf 83' lang='lat'>169</span> 
     </span>
    </p>
   </div>
   <div class='ocr_carea' id='block_1_2' title="bbox 94 419 1164 2226">
    <p class='ocr_par' dir='ltr' id='par_1_2' title="bbox 94 419 1164 2226">
     <span class='ocr_line' id='line_1_2' title="bbox 94 419 1114 502; baseline -0.004 -17"><span class='ocrx_word' id='word_1_6' title='bbox 94 422 153 485; x_wconf 85' lang='lat' dir='ltr'>Gn.</span> <span class='ocrx_word' id='word_1_7' title='bbox 176 421 339 501; x_wconf 90' lang='lat' dir='ltr'>Pompeius</span> <span class='ocrx_word' id='word_1_8' title='bbox 360 420 507 502; x_wconf 78' lang='lat' dir='ltr'>legionem</span> <span class='ocrx_word' id='word_1_9' title='bbox 528 421 673 502; x_wconf 89' lang='lat' dir='ltr'>primam,</span> <span class='ocrx_word' id='word_1_10' title='bbox 696 439 785 501; x_wconf 89' lang='lat' dir='ltr'>quam</span> <span class='ocrx_word' id='word_1_11' title='bbox 809 421 848 482; x_wconf 88' lang='lat' dir='ltr'>ad</span> <span class='ocrx_word' id='word_1_12' title='bbox 870 419 1033 482; x_wconf 85' lang='lat' dir='ltr'>Gaesarem</span> <span class='ocrx_word' id='word_1_13' title='bbox 1055 421 1114 482; x_wconf 92' lang='lat' dir='ltr'>mi-</span> 
     </span>
     <span class='ocr_line' id='line_1_3' title="bbox 94 505 1114 588; baseline -0.005 -16"><span class='ocrx_word' id='word_1_14' title='bbox 94 517 192 583; x_wconf 80' lang='lat' dir='ltr'><strong>serat,</strong></span> <span class='ocrx_word' id='word_1_15' title='bbox 215 509 379 569; x_wconf 86' lang='lat' dir='ltr'>conleetam</span> <span class='ocrx_word' id='word_1_16' title='bbox 401 527 439 570; x_wconf 87' lang='lat' dir='ltr'>ex</span> <span class='ocrx_word' id='word_1_17' title='bbox 454 507 563 570; x_wconf 89' lang='lat' dir='ltr'>dilectu</span> <span class='ocrx_word' id='word_1_18' title='bbox 584 507 755 588; x_wconf 87' lang='lat' dir='ltr'>provinciae</span> <span class='ocrx_word' id='word_1_19' title='bbox 771 505 928 582; x_wconf 77' lang='lat' dir='ltr'>Caesarie,</span> <span class='ocrx_word' id='word_1_20' title='bbox 951 526 1018 568; x_wconf 92' lang='lat' dir='ltr'>eam</span> <span class='ocrx_word' id='word_1_21' title='bbox 1033 516 1114 568; x_wconf 90' lang='lat' dir='ltr'>tam-</span> 
     </span>
     <span class='ocr_line' id='line_1_4' title="bbox 94 593 1115 675; baseline -0.001 -19"><span class='ocrx_word' id='word_1_22' title='bbox 94 614 186 675; x_wconf 83' lang='lat' dir='ltr'><strong>quam</strong></span> <span class='ocrx_word' id='word_1_23' title='bbox 209 613 247 655; x_wconf 82' lang='lat' dir='ltr'>ex</span> <span class='ocrx_word' id='word_1_24' title='bbox 268 613 323 655; x_wconf 89' lang='lat' dir='ltr'>suo</span> <span class='ocrx_word' id='word_1_25' title='bbox 346 613 469 655; x_wconf 88' lang='lat' dir='ltr'>numero</span> <span class='ocrx_word' id='word_1_26' title='bbox 492 595 583 656; x_wconf 84' lang='lat' dir='ltr'>dedit.</span> <span class='ocrx_word' id='word_1_27' title='bbox 629 593 743 655; x_wconf 81' lang='lat' dir='ltr'>Caesar</span> <span class='ocrx_word' id='word_1_28' title='bbox 764 601 885 665; x_wconf 88' lang='lat' dir='ltr'>tamen,</span> <span class='ocrx_word' id='word_1_29' title='bbox 909 612 975 654; x_wconf 88' lang='lat' dir='ltr'>cum</span> <span class='ocrx_word' id='word_1_30' title='bbox 998 594 1035 654; x_wconf 92' lang='lat' dir='ltr'>de</span> <span class='ocrx_word' id='word_1_31' title='bbox 1057 613 1115 657; x_wconf 89' lang='lat' dir='ltr'>vo-</span> 
     </span>
     <span class='ocr_line' id='line_1_5' title="bbox 94 678 1116 753; baseline 0 -10"><span class='ocrx_word' id='word_1_32' title='bbox 94 682 212 743; x_wconf 88' lang='lat' dir='ltr'>luntate</span> <span class='ocrx_word' id='word_1_33' title='bbox 233 680 353 742; x_wconf 91' lang='lat' dir='ltr'>minime</span> <span class='ocrx_word' id='word_1_34' title='bbox 372 680 494 742; x_wconf 91' lang='lat' dir='ltr'>dubium</span> <span class='ocrx_word' id='word_1_35' title='bbox 509 689 591 742; x_wconf 90' lang='lat' dir='ltr'>esset</span> <span class='ocrx_word' id='word_1_36' title='bbox 606 678 847 742; x_wconf 87' lang='lat' dir='ltr'>adversariorum</span> <span class='ocrx_word' id='word_1_37' title='bbox 863 698 999 753; x_wconf 87' lang='lat' dir='ltr'>suorum,</span> <span class='ocrx_word' id='word_1_38' title='bbox 1021 680 1116 743; x_wconf 92' lang='lat' dir='ltr'>Pom·</span> 
     </span>
     <span class='ocr_line' id='line_1_6' title="bbox 95 764 1144 849; baseline -0.003 -20"><span class='ocrx_word' id='word_1_39' title='bbox 95 768 155 849; x_wconf 91' lang='lat' dir='ltr'>peii</span> <span class='ocrx_word' id='word_1_40' title='bbox 187 766 333 847; x_wconf 85' lang='lat' dir='ltr'>legionem</span> <span class='ocrx_word' id='word_1_41' title='bbox 366 767 482 829; x_wconf 80' lang='lat' dir='ltr'>remisit</span> <span class='ocrx_word' id='word_1_42' title='bbox 509 775 540 828; x_wconf 91' lang='lat' dir='ltr'>et</span> <span class='ocrx_word' id='word_1_43' title='bbox 566 785 621 827; x_wconf 87' lang='lat' dir='ltr'>suo</span> <span class='ocrx_word' id='word_1_44' title='bbox 650 764 770 827; x_wconf 90' lang='lat' dir='ltr'>nomine</span> <span class='ocrx_word' id='word_1_45' title='bbox 797 764 932 849; x_wconf 85' lang='lat' dir='ltr'>quintam</span> <span class='ocrx_word' id='word_1_46' title='bbox 955 766 1144 845; x_wconf 79' lang='lat' dir='ltr'>decimam,s</span> 
     </span>
     <span class='ocr_line' id='line_1_7' title="bbox 96 851 1117 934; baseline 0.002 -20"><span class='ocrx_word' id='word_1_47' title='bbox 96 873 186 934; x_wconf 90' lang='lat' dir='ltr'>quam</span> <span class='ocrx_word' id='word_1_48' title='bbox 208 852 240 915; x_wconf 90' lang='lat' dir='ltr'>in</span> <span class='ocrx_word' id='word_1_49' title='bbox 263 851 366 915; x_wconf 85' lang='lat' dir='ltr'>Gallia</span> <span class='ocrx_word' id='word_1_50' title='bbox 387 852 523 915; x_wconf 80' lang='lat' dir='ltr'>citeriore</span> <span class='ocrx_word' id='word_1_51' title='bbox 544 853 707 924; x_wconf 82' lang='lat' dir='ltr'>habuerat,</span> <span class='ocrx_word' id='word_1_52' title='bbox 731 870 769 913; x_wconf 90' lang='lat' dir='ltr'>ex</span> <span class='ocrx_word' id='word_1_53' title='bbox 791 852 1052 914; x_wconf 81' lang='lat' dir='ltr'>senatusconsulto</span> <span class='ocrx_word' id='word_1_54' title='bbox 1067 854 1117 916; x_wconf 91' lang='lat' dir='ltr'>iu-</span> 
     </span>
     <span class='ocr_line' id='line_1_8' title="bbox 95 937 1117 1018; baseline 0.003 -17"><span class='ocrx_word' id='word_1_55' title='bbox 95 940 149 1002; x_wconf 87' lang='lat' dir='ltr'>bet</span> <span class='ocrx_word' id='word_1_56' title='bbox 181 939 270 1002; x_wconf 90' lang='lat' dir='ltr'>tradi.</span> <span class='ocrx_word' id='word_1_57' title='bbox 313 940 350 1000; x_wconf 90' lang='lat' dir='ltr'>Iu</span> <span class='ocrx_word' id='word_1_58' title='bbox 377 939 441 1001; x_wconf 91' lang='lat' dir='ltr'>eius</span> <span class='ocrx_word' id='word_1_59' title='bbox 468 939 567 1001; x_wconf 90' lang='lat' dir='ltr'>locum</span> <span class='ocrx_word' id='word_1_60' title='bbox 594 938 715 1000; x_wconf 82' lang='lat' dir='ltr'>tertiam</span> <span class='ocrx_word' id='word_1_61' title='bbox 742 937 887 999; x_wconf 79' lang='lat' dir='ltr'>decimam</span> <span class='ocrx_word' id='word_1_62' title='bbox 915 938 1060 1018; x_wconf 82' lang='lat' dir='ltr'>legionem</span> <span class='ocrx_word' id='word_1_63' title='bbox 1085 941 1117 1004; x_wconf 91' lang='lat' dir='ltr'>in</span> 
     </span>
     <span class='ocr_line' id='line_1_9' title="bbox 96 1024 1118 1106; baseline 0.002 -18"><span class='ocrx_word' id='word_1_64' title='bbox 96 1025 218 1088; x_wconf 89' lang='lat' dir='ltr'>Italiam</span> <span class='ocrx_word' id='word_1_65' title='bbox 245 1024 354 1100; x_wconf 90' lang='lat' dir='ltr'>mittit,</span> <span class='ocrx_word' id='word_1_66' title='bbox 387 1045 465 1106; x_wconf 90' lang='lat' dir='ltr'>quae</span> <span class='ocrx_word' id='word_1_67' title='bbox 491 1025 645 1105; x_wconf 87' lang='lat' dir='ltr'>praesidia</span> <span class='ocrx_word' id='word_1_68' title='bbox 664 1033 809 1098; x_wconf 87' lang='lat' dir='ltr'>tueretur,</span> <span class='ocrx_word' id='word_1_69' title='bbox 836 1024 1004 1103; x_wconf 83' lang='lat' dir='ltr'>exquibus</span> <span class='ocrx_word' id='word_1_70' title='bbox 1026 1046 1118 1106; x_wconf 89' lang='lat' dir='ltr'>prae·</span> 
     </span>
     <span class='ocr_line' id='line_1_10' title="bbox 98 1111 1119 1192; baseline 0.002 -18"><span class='ocrx_word' id='word_1_71' title='bbox 98 1112 183 1174; x_wconf 90' lang='lat' dir='ltr'>sidiis</span> <span class='ocrx_word' id='word_1_72' title='bbox 216 1111 321 1192; x_wconf 87' lang='lat' dir='ltr'>quinta</span> <span class='ocrx_word' id='word_1_73' title='bbox 352 1111 467 1174; x_wconf 84' lang='lat' dir='ltr'>decima</span> <span class='ocrx_word' id='word_1_74' title='bbox 493 1111 706 1175; x_wconf 85' lang='lat' dir='ltr'>deducebatur.</span> <span class='ocrx_word' id='word_1_75' title='bbox 754 1111 825 1190; x_wconf 90' lang='lat' dir='ltr'>Ipse</span> <span class='ocrx_word' id='word_1_76' title='bbox 847 1111 991 1174; x_wconf 86' lang='lat' dir='ltr'>exercitui</span> <span class='ocrx_word' id='word_1_77' title='bbox 1013 1113 1119 1177; x_wconf 89' lang='lat' dir='ltr'>distri-</span> 
     </span>
     <span class='ocr_line' id='line_1_11' title="bbox 97 1195 1161 1281; baseline -0.002 -21"><span class='ocrx_word' id='word_1_78' title='bbox 97 1199 164 1260; x_wconf 91' lang='lat' dir='ltr'>buit</span> <span class='ocrx_word' id='word_1_79' title='bbox 195 1198 336 1260; x_wconf 89' lang='lat' dir='ltr'>hiberna:</span> <span class='ocrx_word' id='word_1_80' title='bbox 372 1197 557 1261; x_wconf 86' lang='lat' dir='ltr'>Trebonium</span> <span class='ocrx_word' id='word_1_81' title='bbox 584 1216 651 1259; x_wconf 90' lang='lat' dir='ltr'>cum</span> <span class='ocrx_word' id='word_1_82' title='bbox 678 1195 845 1276; x_wconf 85' lang='lat' dir='ltr'>legionibus</span> <span class='ocrx_word' id='word_1_83' title='bbox 873 1212 928 1258; x_wconf 89' lang='lat'>1111</span> <span class='ocrx_word' id='word_1_84' title='bbox 955 1197 987 1260; x_wconf 90' lang='lat' dir='ltr'>in</span> <span class='ocrx_word' id='word_1_85' title='bbox 1014 1200 1118 1281; x_wconf 90' lang='lat' dir='ltr'>Belgio</span> <span class='ocrx_word' id='word_1_86' title='bbox 1135 1222 1161 1259; x_wconf 82' lang='lat' dir='ltr'>ro</span> 
     </span>
     <span class='ocr_line' id='line_1_12' title="bbox 98 1282 1120 1358; baseline 0.005 -12"><span class='ocrx_word' id='word_1_87' title='bbox 98 1284 249 1358; x_wconf 86' lang='lat' dir='ltr'>conlocat,</span> <span class='ocrx_word' id='word_1_88' title='bbox 273 1283 307 1345; x_wconf 83' lang='lat' dir='ltr'>C.</span> <span class='ocrx_word' id='word_1_89' title='bbox 321 1284 450 1347; x_wconf 86' lang='lat' dir='ltr'>Fabium</span> <span class='ocrx_word' id='word_1_90' title='bbox 473 1303 540 1346; x_wconf 87' lang='lat' dir='ltr'>eum</span> <span class='ocrx_word' id='word_1_91' title='bbox 562 1284 687 1346; x_wconf 90' lang='lat' dir='ltr'>totidem</span> <span class='ocrx_word' id='word_1_92' title='bbox 708 1283 739 1344; x_wconf 91' lang='lat' dir='ltr'>in</span> <span class='ocrx_word' id='word_1_93' title='bbox 760 1282 886 1346; x_wconf 89' lang='lat' dir='ltr'>Aeduos</span> <span class='ocrx_word' id='word_1_94' title='bbox 902 1285 1030 1347; x_wconf 87' lang='lat' dir='ltr'>deducit.</span> <span class='ocrx_word' id='word_1_95' title='bbox 1067 1287 1120 1351; x_wconf 90' lang='lat' dir='ltr'>Sic</span> 
     </span>
     <span class='ocr_line' id='line_1_13' title="bbox 100 1368 1120 1453; baseline 0.002 -20"><span class='ocrx_word' id='word_1_96' title='bbox 100 1370 177 1433; x_wconf 91' lang='lat' dir='ltr'>enim</span> <span class='ocrx_word' id='word_1_97' title='bbox 201 1370 394 1431; x_wconf 83' lang='lat' dir='ltr'>existimabat</span> <span class='ocrx_word' id='word_1_98' title='bbox 408 1370 592 1433; x_wconf 88' lang='lat' dir='ltr'>tutissimam</span> <span class='ocrx_word' id='word_1_99' title='bbox 605 1373 669 1434; x_wconf 83' lang='lat' dir='ltr'>lore</span> <span class='ocrx_word' id='word_1_100' title='bbox 684 1368 834 1443; x_wconf 79' lang='lat' dir='ltr'>Galliam,</span> <span class='ocrx_word' id='word_1_101' title='bbox 856 1369 882 1431; x_wconf 86' lang='lat' dir='ltr'>si</span> <span class='ocrx_word' id='word_1_102' title='bbox 897 1369 1019 1451; x_wconf 88' lang='lat' dir='ltr'>Belgae,</span> <span class='ocrx_word' id='word_1_103' title='bbox 1042 1392 1120 1453; x_wconf 91' lang='lat' dir='ltr'>qno-</span> 
     </span>
     <span class='ocr_line' id='line_1_14' title="bbox 100 1454 1121 1536; baseline 0.003 -17"><span class='ocrx_word' id='word_1_104' title='bbox 100 1477 166 1519; x_wconf 88' lang='lat' dir='ltr'>rum</span> <span class='ocrx_word' id='word_1_105' title='bbox 199 1456 332 1517; x_wconf 83' lang='lat' dir='ltr'>maxima</span> <span class='ocrx_word' id='word_1_106' title='bbox 362 1455 473 1528; x_wconf 87' lang='lat' dir='ltr'>virtus,</span> <span class='ocrx_word' id='word_1_107' title='bbox 506 1454 623 1531; x_wconf 87' lang='lat' dir='ltr'>Aedui,</span> <span class='ocrx_word' id='word_1_108' title='bbox 657 1474 783 1536; x_wconf 90' lang='lat' dir='ltr'>quorum</span> <span class='ocrx_word' id='word_1_109' title='bbox 810 1455 974 1518; x_wconf 87' lang='lat' dir='ltr'>auotoritas</span> <span class='ocrx_word' id='word_1_110' title='bbox 1002 1479 1121 1522; x_wconf 84' lang='lat' dir='ltr'>summa</span> 
     </span>
     <span class='ocr_line' id='line_1_15' title="bbox 100 1540 1120 1623; baseline 0.003 -18"><span class='ocrx_word' id='word_1_111' title='bbox 100 1551 197 1617; x_wconf 87' lang='lat' dir='ltr'>esset,</span> <span class='ocrx_word' id='word_1_112' title='bbox 224 1541 403 1604; x_wconf 83' lang='lat' dir='ltr'>exercitibus</span> <span class='ocrx_word' id='word_1_113' title='bbox 430 1541 662 1605; x_wconf 87' lang='lat' dir='ltr'>continerentur.</span> <span class='ocrx_word' id='word_1_114' title='bbox 704 1541 775 1621; x_wconf 84' lang='lat' dir='ltr'>Ipse</span> <span class='ocrx_word' id='word_1_115' title='bbox 800 1540 832 1603; x_wconf 94' lang='lat' dir='ltr'>in</span> <span class='ocrx_word' id='word_1_116' title='bbox 858 1541 980 1604; x_wconf 91' lang='lat' dir='ltr'>Italiam</span> <span class='ocrx_word' id='word_1_117' title='bbox 1001 1547 1120 1623; x_wconf 87' lang='lat' dir='ltr'>prolec-</span> 
     </span>
     <span class='ocr_line' id='line_1_16' title="bbox 100 1637 1161 1691; baseline -0.003 0"><span class='ocrx_word' id='word_1_118' title='bbox 100 1640 152 1691; x_wconf 81' lang='lat' dir='ltr'>tus</span> <span class='ocrx_word' id='word_1_119' title='bbox 175 1637 231 1691; x_wconf 83' lang='lat' dir='ltr'>est.</span> <span class='ocrx_word' id='word_1_120' title='bbox 1136 1653 1161 1688; x_wconf 77' lang='lat' dir='ltr'>ra</span> 
     </span>
     <span class='ocr_line' id='line_1_17' title="bbox 166 1710 1163 1794; baseline 0.002 -19"><span class='ocrx_word' id='word_1_121' title='bbox 166 1712 236 1784; x_wconf 81' lang='lat' dir='ltr'>Quo</span> <span class='ocrx_word' id='word_1_122' title='bbox 263 1732 329 1775; x_wconf 89' lang='lat' dir='ltr'>cum</span> <span class='ocrx_word' id='word_1_123' title='bbox 356 1712 505 1788; x_wconf 87' lang='lat' dir='ltr'>venisset,</span> <span class='ocrx_word' id='word_1_124' title='bbox 533 1711 685 1794; x_wconf 81' lang='lat' dir='ltr'>cognoscit</span> <span class='ocrx_word' id='word_1_125' title='bbox 705 1730 760 1793; x_wconf 90' lang='lat' dir='ltr'>per</span> <span class='ocrx_word' id='word_1_126' title='bbox 785 1711 824 1775; x_wconf 87' lang='lat' dir='ltr'>G.</span> <span class='ocrx_word' id='word_1_127' title='bbox 846 1710 1024 1775; x_wconf 83' lang='lat' dir='ltr'>Marcellum</span> <span class='ocrx_word' id='word_1_128' title='bbox 1046 1720 1163 1777; x_wconf 85' lang='lat' dir='ltr'>con-⁵5</span> 
     </span>
     <span class='ocr_line' id='line_1_18' title="bbox 102 1797 1120 1879; baseline 0 -16"><span class='ocrx_word' id='word_1_129' title='bbox 102 1799 197 1863; x_wconf 85' lang='lat' dir='ltr'>aulem</span> <span class='ocrx_word' id='word_1_130' title='bbox 230 1798 363 1879; x_wconf 86' lang='lat' dir='ltr'>legiones</span> <span class='ocrx_word' id='word_1_131' title='bbox 395 1800 472 1862; x_wconf 89' lang='lat' dir='ltr'>duas</span> <span class='ocrx_word' id='word_1_132' title='bbox 499 1800 539 1861; x_wconf 92' lang='lat' dir='ltr'>ab</span> <span class='ocrx_word' id='word_1_133' title='bbox 566 1819 600 1861; x_wconf 88' lang='lat' dir='ltr'>se</span> <span class='ocrx_word' id='word_1_134' title='bbox 626 1797 786 1871; x_wconf 79' lang='lat' dir='ltr'>remissae,</span> <span class='ocrx_word' id='word_1_135' title='bbox 819 1818 896 1878; x_wconf 90' lang='lat' dir='ltr'>quae</span> <span class='ocrx_word' id='word_1_136' title='bbox 918 1816 956 1860; x_wconf 90' lang='lat' dir='ltr'>ex</span> <span class='ocrx_word' id='word_1_137' title='bbox 978 1809 1120 1863; x_wconf 80' lang='lat' dir='ltr'>senatus-</span> 
     </span>
     <span class='ocr_line' id='line_1_19' title="bbox 103 1883 1120 1960; baseline 0.003 -13"><span class='ocrx_word' id='word_1_138' title='bbox 103 1885 241 1948; x_wconf 85' lang='lat' dir='ltr'>consulto</span> <span class='ocrx_word' id='word_1_139' title='bbox 270 1886 415 1948; x_wconf 89' lang='lat' dir='ltr'>deberent</span> <span class='ocrx_word' id='word_1_140' title='bbox 441 1887 482 1947; x_wconf 93' lang='lat' dir='ltr'>ad</span> <span class='ocrx_word' id='word_1_141' title='bbox 505 1884 681 1947; x_wconf 84' lang='lat' dir='ltr'>Parthicum</span> <span class='ocrx_word' id='word_1_142' title='bbox 702 1884 815 1946; x_wconf 89' lang='lat' dir='ltr'>bellum</span> <span class='ocrx_word' id='word_1_143' title='bbox 837 1884 920 1960; x_wconf 95' lang='lat' dir='ltr'>duci,</span> <span class='ocrx_word' id='word_1_144' title='bbox 947 1883 1003 1946; x_wconf 82' lang='lat' dir='ltr'>On.</span> <span class='ocrx_word' id='word_1_145' title='bbox 1024 1886 1120 1950; x_wconf 94' lang='lat' dir='ltr'>Pom-</span> 
     </span>
     <span class='ocr_line' id='line_1_20' title="bbox 102 1970 1120 2054; baseline 0.004 -21"><span class='ocrx_word' id='word_1_146' title='bbox 102 1973 169 2054; x_wconf 89' lang='lat' dir='ltr'>peio</span> <span class='ocrx_word' id='word_1_147' title='bbox 202 1971 331 2034; x_wconf 85' lang='lat' dir='ltr'>traditas</span> <span class='ocrx_word' id='word_1_148' title='bbox 363 1981 454 2052; x_wconf 89' lang='lat' dir='ltr'>atque</span> <span class='ocrx_word' id='word_1_149' title='bbox 485 1970 517 2034; x_wconf 91' lang='lat' dir='ltr'>iu</span> <span class='ocrx_word' id='word_1_150' title='bbox 548 1971 640 2033; x_wconf 91' lang='lat' dir='ltr'>Italia</span> <span class='ocrx_word' id='word_1_151' title='bbox 666 1979 800 2033; x_wconf 88' lang='lat' dir='ltr'>retentas</span> <span class='ocrx_word' id='word_1_152' title='bbox 828 1990 905 2032; x_wconf 86' lang='lat' dir='ltr'>esse.</span> <span class='ocrx_word' id='word_1_153' title='bbox 954 1970 1021 2033; x_wconf 85' lang='lat' dir='ltr'>Hoc</span> <span class='ocrx_word' id='word_1_154' title='bbox 1041 1975 1120 2037; x_wconf 84' lang='lat' dir='ltr'>lacto</span> 
     </span>
     <span class='ocr_line' id='line_1_21' title="bbox 104 2055 1164 2140; baseline 0 -20"><span class='ocrx_word' id='word_1_155' title='bbox 104 2077 284 2140; x_wconf 91' lang='lat' dir='ltr'>quamquam</span> <span class='ocrx_word' id='word_1_156' title='bbox 311 2058 384 2121; x_wconf 92' lang='lat' dir='ltr'>nulli</span> <span class='ocrx_word' id='word_1_157' title='bbox 412 2067 479 2120; x_wconf 88' lang='lat' dir='ltr'>erat</span> <span class='ocrx_word' id='word_1_158' title='bbox 500 2058 638 2130; x_wconf 92' lang='lat' dir='ltr'>dubium,</span> <span class='ocrx_word' id='word_1_159' title='bbox 666 2057 809 2139; x_wconf 92' lang='lat' dir='ltr'>quidnam</span> <span class='ocrx_word' id='word_1_160' title='bbox 831 2067 938 2119; x_wconf 92' lang='lat' dir='ltr'>contra</span> <span class='ocrx_word' id='word_1_161' title='bbox 959 2055 1120 2123; x_wconf 84' lang='lat' dir='ltr'>Caesarem</span> <span class='ocrx_word' id='word_1_162' title='bbox 1135 2085 1164 2121; x_wconf 86' lang='lat'>20</span> 
     </span>
     <span class='ocr_line' id='line_1_22' title="bbox 102 2142 1120 2226; baseline 0.001 -19"><span class='ocrx_word' id='word_1_163' title='bbox 102 2154 272 2226; x_wconf 88' lang='lat' dir='ltr'>pararetur,</span> <span class='ocrx_word' id='word_1_164' title='bbox 303 2153 406 2206; x_wconf 84' lang='lat' dir='ltr'>tamen</span> <span class='ocrx_word' id='word_1_165' title='bbox 438 2144 555 2207; x_wconf 85' lang='lat' dir='ltr'>Caesar</span> <span class='ocrx_word' id='word_1_166' title='bbox 586 2143 688 2206; x_wconf 93' lang='lat' dir='ltr'>omnia</span> <span class='ocrx_word' id='word_1_167' title='bbox 718 2142 864 2222; x_wconf 90' lang='lat' dir='ltr'>patienda</span> <span class='ocrx_word' id='word_1_168' title='bbox 897 2163 964 2205; x_wconf 83' lang='lat' dir='ltr'>esee</span> <span class='ocrx_word' id='word_1_169' title='bbox 997 2147 1120 2222; x_wconf 88' lang='lat' dir='ltr'>statuit,</span> 
     </span>
    </p>
   </div>
   <div class='ocr_carea' id='block_1_3' title="bbox 103 2229 1194 2400">
    <p class='ocr_par' dir='ltr' id='par_1_3' title="bbox 103 2229 1194 2400">
     <span class='ocr_line' id='line_1_23' title="bbox 103 2229 1121 2315; baseline 0 -21"><span class='ocrx_word' id='word_1_170' title='bbox 103 2233 203 2313; x_wconf 89' lang='lat' dir='ltr'>quoad</span> <span class='ocrx_word' id='word_1_171' title='bbox 235 2229 293 2294; x_wconf 89' lang='lat' dir='ltr'>sibi</span> <span class='ocrx_word' id='word_1_172' title='bbox 324 2251 394 2312; x_wconf 86' lang='lat' dir='ltr'>spes</span> <span class='ocrx_word' id='word_1_173' title='bbox 422 2231 522 2313; x_wconf 89' lang='lat' dir='ltr'>aliqua</span> <span class='ocrx_word' id='word_1_174' title='bbox 547 2230 762 2312; x_wconf 87' lang='lat' dir='ltr'>relinqueretur</span> <span class='ocrx_word' id='word_1_175' title='bbox 786 2229 850 2292; x_wconf 89' lang='lat' dir='ltr'>iure</span> <span class='ocrx_word' id='word_1_176' title='bbox 876 2229 977 2311; x_wconf 90' lang='lat' dir='ltr'>potius</span> <span class='ocrx_word' id='word_1_177' title='bbox 1002 2232 1121 2315; x_wconf 82' lang='lat' dir='ltr'>discep-</span> 
     </span>
     <span class='ocr_line' id='line_1_24' title="bbox 103 2315 1194 2400; baseline -0.006 -19"><span class='ocrx_word' id='word_1_178' title='bbox 103 2318 188 2381; x_wconf 88' lang='lat' dir='ltr'>tandi</span> <span class='ocrx_word' id='word_1_179' title='bbox 209 2336 301 2399; x_wconf 88' lang='lat' dir='ltr'>qnam</span> <span class='ocrx_word' id='word_1_180' title='bbox 322 2317 527 2400; x_wconf 86' lang='lat' dir='ltr'>belligerandi.</span> <span class='ocrx_word' id='word_1_181' title='bbox 572 2315 760 2381; x_wconf 82' lang='lat' dir='ltr'>Contendit.</span> <span class='ocrx_word' id='word_1_182' title='bbox 776 2361 783 2378; x_wconf 91' lang='lat'>.</span> <span class='ocrx_word' id='word_1_183' title='bbox 799 2362 832 2378; x_wconf 95' lang='lat'>..</span> <span class='ocrx_word' id='word_1_184' title='bbox 1046 2315 1050 2325; x_wconf 89' lang='grc'><strong>’</strong></span> <span class='ocrx_word' id='word_1_185' title='bbox 1193 2333 1194 2337; x_wconf 61' lang='grc'>’</span> 
     </span>
    </p>
   </div>
   <div class='ocr_carea' id='block_1_4' title="bbox 519 2599 718 2633">
    <p class='ocr_par' dir='ltr' id='par_1_4' title="bbox 519 2599 718 2633">
     <span class='ocr_line' id='line_1_25' title="bbox 519 2599 717 2618; baseline -0.015 0"><span class='ocrx_word' id='word_1_186' title='bbox 519 2599 717 2618; x_wconf 47' lang='lat' dir='ltr'>ffl</span> 
     </span>
     <span class='ocr_line' id='line_1_26' title="bbox 520 2618 718 2633; baseline -0.015 -1"><span class='ocrx_word' id='word_1_187' title='bbox 520 2618 718 2633; x_wconf 67' lang='lat' dir='ltr'>-u——uu-</span> 
     </span>
    </p>
   </div>
   <div class='ocr_carea' id='block_1_5' title="bbox 0 0 1333 4492">
    <p class='ocr_par' dir='ltr' id='par_1_5' title="bbox 0 0 1333 4492">
     <span class='ocr_line' id='line_1_27' title="bbox 0 0 1333 4492; baseline 0 0"><span class='ocrx_word' id='word_1_188' title='bbox 0 0 1333 4492; x_wconf 95' lang='lat' dir='ltr'> </span> 
     </span>
    </p>
   </div>
  </div>
 </body>
</html>
