2616 4492
198 282 242 346 58
470 284 500 351 ’,
526 299 576 347 nn
597 300 716 350 annuo
738 301 894 350 caturco

199 437 279 518 quod
300 437 354 499 illa
374 456 446 517 pars
469 440 622 519 equitatus
643 440 803 520 Usipetum
824 451 856 503 et
874 442 1104 514 Tencterorum,
1127 459 1218 521 quam

198 543 292 604 supra
313 527 544 587 commemoravi
565 527 731 607 praedandi
751 527 1011 607 frumentandique
1032 545 1124 588 causa
1145 528 1218 587 Mo-

199 611 266 672 sam
287 611 438 673 transisse
460 632 556 694 neque
576 613 690 693 proelio
712 613 900 686 interfuisse,
927 622 999 693 post
1018 615 1121 694 lugam
1144 632 1217 674 suo-

199 716 265 759 rum
299 716 331 758 se
364 706 450 759 trans
482 698 623 760 Rhenum
649 700 680 761 iu
707 701 783 760 fines
807 700 1042 780 Sugambrorum
1064 708 1219 779 receperat

168 802 290 864 aseqne
313 803 378 845 cum
400 784 439 845 iis
461 786 663 847 coniunxerat.
697 785 749 847 Ad
771 805 846 866 quos
869 805 936 847 cum
958 786 1074 847 Caesar
1095 785 1218 846 nuutios

198 870 347 944 misisset,
382 870 432 951 qui
459 873 664 951 postularent,
698 891 765 948 eos,
795 872 844 953 qni
867 872 925 934 sibi
947 871 1126 952 Galliaeque
1148 872 1217 933 bel-

198 955 260 1018 lum
282 956 469 1030 intulissent,
494 958 551 1019 sibi
573 960 732 1032 dederent,
760 960 990 1038 responderunt:
1018 957 1127 1038 Populi
1149 958 1217 1019 Ro-

197 1042 280 1104 mani
311 1042 467 1123 imperium
500 1044 641 1106 Rhenum
674 1045 775 1118 finire;
810 1045 837 1106 si
870 1064 902 1106 se
927 1045 1023 1106 invito
1047 1043 1217 1106 Germanos

197 1127 229 1190 iu
263 1128 395 1190 Galliam
429 1130 559 1192 transire
592 1150 653 1192 uon
686 1150 814 1211 aequum
848 1131 1049 1206 existimaret,
1084 1149 1137 1191 cur
1170 1131 1217 1191 sui

159 1214 354 1295 nequicquam
393 1235 459 1277 esse
499 1216 616 1297 imperii
657 1227 711 1278 aut
752 1217 914 1297 potestatis
955 1225 1040 1279 trans
1076 1216 1218 1279 Rhenum

165 1302 169 1319 '
196 1300 386 1381 postularet?
428 1302 500 1364 Ubii
532 1311 649 1376 autem,
684 1303 736 1383 qui
767 1303 819 1364 uni
853 1323 890 1365 ex
921 1303 1150 1365 transrhenanis
1178 1303 1218 1364 ad

197 1387 360 1450 Gaesarem
388 1388 504 1470 legatos
534 1389 693 1465 miserant,
729 1389 890 1451 amicitiam
912 1391 1062 1464 fecerant,
1096 1389 1217 1450 obsides

197 1475 358 1547 dederant,
392 1494 571 1556 magnopere
604 1477 748 1549 orabant,
782 1485 816 1536 ut
848 1476 907 1537 sibi
940 1476 1083 1537 auxilium
1110 1477 1215 1548 ferret,

197 1562 278 1640 quod
305 1561 437 1642 graviter
458 1563 498 1623 ab
521 1562 629 1624 Suevis
651 1571 876 1642 premerentur;
909 1561 974 1634 vel,
1009 1562 1035 1623 si
1061 1562 1093 1623 id
1119 1563 1217 1622 lacere

158 1659 183 1698 ¹⁶
196 1647 441 1727 occupationibus
456 1648 560 1729 populi
571 1649 701 1710 Romani
713 1649 932 1728 prohiberetur,
956 1649 1116 1709 exercitum
1127 1649 1217 1709 ruodo

196 1732 337 1796 Rhenum
359 1743 594 1814 transportaret:
617 1735 648 1797 id
672 1735 730 1797 sibi
753 1736 792 1796 ad
813 1734 957 1797 auxilium
980 1753 1123 1814 spemque
1144 1733 1217 1795 reli-

196 1820 248 1900 qui
273 1823 419 1900 temporis
447 1822 523 1883 satis
550 1823 692 1882 futurum.
743 1821 874 1883 Tantum
904 1839 971 1882 esse
994 1840 1103 1882 nomen
1125 1830 1217 1901 atque

196 1906 366 1986 opinionem
389 1907 452 1968 eius
475 1908 622 1969 exercitus
644 1907 802 1969 Ariovisto
825 1908 912 1988 pulso
936 1908 1037 1969 ethoc
1051 1907 1216 1968 novissimo

194 1991 308 2071 proelio
331 1994 412 2053 laeto
436 1994 527 2055 etiam
549 1995 589 2054 ad
611 1994 734 2055 ultimas
756 1994 977 2055 Germanorum
992 1993 1147 2067 nationes,
1171 1991 1216 2053 uti

152 2089 181 2128 ²⁰
196 2077 334 2157 opinione
357 2087 388 2139 et
410 2079 542 2141 amicitia
561 2080 665 2160 populi
686 2080 817 2141 Romani
839 2079 898 2142 tuti
912 2100 980 2142 esse
993 2079 1119 2160 possint.
1147 2078 1216 2140 Na-

194 2163 276 2224 vium
305 2183 443 2246 maguam
471 2166 587 2245 copiam
610 2167 650 2227 ad
672 2168 940 2247 transportandum
962 2166 1125 2227 exercitum
1146 2165 1216 2245 pol-

194 2248 369 2312 licabantur.

153 2346 186 2399 17
259 2335 375 2398 Caesar
401 2337 449 2398 his
477 2338 515 2399 de
541 2337 656 2409 causis,
690 2357 765 2418 quas
793 2337 1039 2412 commemoravi,
1073 2337 1214 2400 Rhenum

195 2423 327 2485 transire
350 2426 535 2496 decreverat3
565 2425 619 2484 sed
642 2425 770 2486 navibus
792 2426 923 2486 transire
945 2442 1041 2504 neque
1063 2423 1139 2484 satis
1162 2431 1214 2484 tu-

152 2524 182 2564 as
195 2517 258 2571 tum
282 2529 350 2571 esse
372 2509 587 2584 arbitrabatur,
621 2529 717 2590 neque
745 2531 818 2572 suae
841 2529 937 2591 neque
958 2509 1062 2590 populi
1083 2508 1215 2570 Romani

195 2595 358 2676 diguitatis
379 2616 446 2657 esse
474 2597 638 2658 statuebat.
682 2597 805 2678 Itaque,
835 2598 891 2658 etsi
914 2616 1033 2658 summa
1054 2595 1214 2657 difficultas

193 2682 322 2744 faciendi
349 2683 450 2762 pontis
472 2683 699 2763 proponebatur
719 2693 842 2764 propter
864 2683 1069 2757 latitudinem,
1097 2680 1214 2761 rapidi-

195 2776 290 2829 tatem
317 2767 563 2850 altitudinemque
590 2769 737 2842 fluminis,
766 2778 869 2831 taruco
895 2770 927 2831 id
949 2769 1007 2831 sibi
1029 2769 1214 2829 contendeu-

195 2856 266 2915 dum
299 2864 353 2916 aut
381 2855 469 2916 aliter
496 2875 557 2916 nou
584 2857 803 2917 traducendum
827 2857 988 2917 exercitum
1010 2854 1213 2916 existimabat.

152 2956 180 2994 ω
193 2940 356 3003 Rationem
382 2941 484 3021 pontis
512 2943 591 3003 hanc
616 2943 756 3004 instituit.
801 2942 900 3024 Tigna
921 2943 993 3003 bina
1015 2941 1214 3021 sesquipeda-

193 3027 250 3102 lia,
283 3028 406 3107 paulum
435 3028 474 3089 ab
501 3028 561 3089 imo
583 3039 762 3108 praeacuta,
797 3030 935 3091 dimensa
961 3029 1002 3089 ad
1023 3027 1214 3089 altitudinem

193 3114 340 3190 fluminis,
363 3114 523 3176 intervallo
545 3116 657 3194 peduru
671 3118 796 3177 duorum
812 3117 891 3177 inter
907 3135 939 3176 se
953 3115 1105 3194 iungebat.
1128 3114 1214 3174 Haec

193 3220 260 3263 cum
281 3201 555 3263 machinationibus
576 3202 712 3264 immissa
733 3203 765 3263 in
788 3203 897 3264 flumen
919 3203 1066 3262 defixerat
1079 3199 1212 3261 fistucis-

193 3306 251 3368 que
285 3289 428 3368 adegerat
454 3307 514 3349 non
542 3288 681 3350 sublicae·
702 3291 791 3350 modo
820 3289 931 3349 directe
952 3288 992 3348 ad
1012 3286 1213 3367 perpendicn-

152 3389 180 3429 ει
192 3374 270 3449 lum,
295 3377 349 3436 sed
369 3394 465 3455 prone
488 3393 524 3436 ac
544 3374 702 3454 fastigata,
726 3385 761 3437 ut
783 3376 943 3436 secuudum
960 3383 1098 3434 naturam
1113 3372 1214 3434 flumi-

193 3460 241 3522 uis
263 3463 509 3541 procumberent,
532 3460 581 3522 his
602 3461 676 3522 item
699 3461 851 3523 contraria
873 3462 931 3521 duo
948 3461 1129 3521 adeundam
1144 3477 1213 3540 moss

193 3548 264 3608 dum
295 3548 398 3609 iuncta
428 3547 592 3609 intervallo
620 3550 730 3627 pedum
758 3548 983 3626 quadragenum
1012 3545 1051 3607 ab
1072 3545 1213 3617 irfiore

192 3640 278 3712 parte
306 3643 410 3695 contra
436 3635 498 3695 vim
526 3642 618 3713 atque
645 3633 789 3713 impetum
818 3633 947 3694 fluminis
975 3651 1123 3694 conversa
1144 3640 1213 3692 sta-

192 3719 307 3780 tuebat.
351 3721 436 3781 Haec
468 3730 597 3801 utraque
629 3720 752 3799 iusuper
779 3719 968 3799 bipedalibus
996 3719 1131 3780 trabibus
1153 3717 1212 3779 iru-

149 3819 179 3859 40
192 3803 307 3879 missis,
336 3817 480 3885 quantum
504 3826 605 3869 eorum
626 3805 774 3886 tignorum
797 3806 933 3868 iunctura
956 3806 1105 3879 distabat,
1133 3803 1213 3866 binis

192 3890 341 3970 utrimque
367 3892 469 3954 fibulis
496 3895 535 3954 ab
558 3901 694 3954 extrema
716 3901 801 3972 parte
825 3894 1069 3965 destinabantur3
1103 3891 1213 3971 quibus

191 3975 330 4040 disclusis
359 3986 449 4059 atque
475 3980 507 4041 iu
530 3980 712 4043 contrariam
734 3989 850 4060 partera
873 3979 1015 4042 revinctis
1036 3987 1126 4041 tanta
1145 3986 1214 4039 erat
