2616 4492
438 294 508 341 ΜΒ.
524 295 586 340 vrr.
596 288 598 293 ’
610 294 687 341 our.
704 277 842 340 32-36.
1094 278 1155 341 123

130 435 247 509 issent,
270 434 407 515 praemia
429 435 468 495 ab
491 453 525 495 se
546 432 667 509 devicta
689 430 794 493 Gallia
808 441 1021 512 exspectarent
1035 432 1155 512 equits-

131 532 256 600 tumque
278 538 397 583 ornnem
417 528 449 582 et
463 520 599 600 peditum
621 519 705 580 milia
718 535 744 579 x
760 519 818 580 sibi
833 519 971 580 celeriter
985 518 1156 592 mitterent,

132 626 212 689 quae
233 607 264 668 in
286 606 447 686 praesidiis
469 606 513 667 rei
534 605 747 667 frumentariae
770 625 863 667 causa
886 606 1073 685 disponeret,
1102 623 1157 665 ex-

132 694 258 755 ercitum
285 693 317 754 iu
344 695 420 755 duas
448 701 552 773 partes
575 691 692 754 divisit:
727 700 870 770 quattuor
891 691 1023 771 legiones
1043 691 1075 752 in
1098 690 1158 752 Se-

131 798 227 841 nones
260 778 455 859 Parisiosque
481 779 617 841 Labieno
645 779 796 839 ducendas
826 779 924 853 dedit,
960 796 1013 839 sex
1038 777 1104 857 ipse
1126 777 1186 842 ins

132 865 291 927 Arvernos
325 867 365 927 ad
393 865 535 945 oppidum
558 864 740 944 Gergoviam
764 864 926 926 secundum
948 863 1058 924 flumen
1080 862 1158 934 Ela-

131 971 189 1013 ver
212 952 313 1024 duxit3
336 953 488 1032 equitatus
510 960 629 1031 partem
651 949 696 1011 illi
717 950 872 1025 attribuit,
894 959 1013 1031 partem
1036 950 1094 1011 sibi
1108 968 1159 1011 re·

132 1037 230 1118 liquit.
276 1035 346 1107 Qua
372 1057 404 1100 re
427 1038 547 1118 cognita
567 1036 799 1117 Vercingetorix
821 1037 960 1098 omnibus
982 1036 1158 1116 interruptis

133 1124 199 1186 eius
232 1124 364 1186 fluminis
391 1124 534 1205 pontibus
563 1124 602 1184 ab
631 1122 730 1185 altera
757 1123 888 1185 fluminis
915 1132 1003 1203 parte
1030 1123 1088 1184 iter
1109 1123 1159 1183 ia·

134 1229 200 1271 cere
223 1210 329 1290 coepit.
1172 1236 1202 1274 ,ο

113 1309 116 1314 ’
200 1295 275 1357 Cum
298 1306 423 1376 uterque
445 1296 593 1376 utrimque
616 1295 731 1357 exisset
754 1295 914 1368 exercitus,
943 1294 974 1355 in
997 1302 1202 1374 eonspectuuo

135 1385 259 1462 fereque
282 1402 298 1443 e
320 1384 441 1463 regione
464 1383 573 1444 castris
596 1389 697 1443 castra
717 1382 880 1459 ponebant.
924 1381 1089 1460 Dispositis
1105 1401 1159 1442 ex-

135 1468 354 1549 ploratoribus,
389 1469 495 1548 necubi
523 1469 627 1530 effecto
655 1476 748 1547 ponte
773 1467 904 1529 Romani
926 1468 1028 1546 copias
1051 1469 1160 1528 tradu-

134 1563 250 1631 cerent,
275 1564 341 1616 erat
360 1555 393 1615 in
415 1555 531 1634 magnis
555 1553 695 1615 Caesaris
711 1553 936 1615 difficultatibus
952 1573 1015 1626 rea,
1038 1572 1076 1613 ne
1092 1573 1160 1614 ma-

134 1640 229 1703 iorem
251 1641 379 1702 aestatis
401 1649 520 1721 partem
542 1640 664 1701 flumine
686 1639 889 1718 impediretur,
914 1641 994 1719 quod
1017 1641 1202 1707 noniere1u

136 1736 208 1789 ante
236 1736 414 1789 autumnum
441 1726 555 1786 Elaver
581 1727 661 1787 vado
687 1726 813 1786 transiri
841 1724 927 1786 solet.
970 1725 1093 1805 Itaque,
1122 1744 1160 1788 ne

136 1815 169 1875 id
192 1813 357 1884 accideret,
387 1811 520 1873 silvestri
542 1811 608 1873 loco
631 1811 740 1872 castris
762 1810 870 1890 positis
894 1830 909 1871 e
932 1811 1051 1890 regione
1072 1813 1160 1874 unius

137 1916 241 1962 eorum
273 1898 427 1978 pontium,
462 1917 537 1979 quos
570 1897 800 1977 Vercingetorix
833 1898 1046 1959 rescindendos
1073 1917 1161 1959 cura·

138 1994 241 2058 verat,
269 1993 392 2065 postero
420 1985 467 2046 die
495 2004 562 2046 cum
590 1985 708 2045 duabus
729 1983 894 2063 legionibus
916 1983 947 2043 iu
970 1984 1083 2045 occulto
1109 2005 1161 2046 re-

138 2071 232 2145 stitit;
256 2071 388 2150 reliquas
410 2071 513 2151 copias
536 2090 603 2132 cum
626 2070 763 2131 omnibus
778 2069 1016 2149 impedimentis,
1039 2079 1073 2132 ut
1087 2090 1161 2132 con·
1174 2091 1205 2130 so

138 2166 295 2232 sueverat,
319 2157 403 2219 misit
425 2157 521 2237 captis
544 2157 723 2238 quibusdam
747 2156 934 2229 cohortibus,
958 2157 1004 2217 uti
1020 2176 1160 2219 numerus

138 2244 288 2325 legionum
322 2253 461 2305 constare
488 2242 649 2305 videretur.
699 2242 757 2304 His
781 2261 871 2323 quam
892 2241 1066 2323 longissime
1087 2263 1161 2324 pos-

139 2341 208 2392 sent
229 2331 330 2412 egredi
351 2330 458 2403 iussis,
488 2349 554 2391 cum
571 2329 638 2391 iam
662 2348 699 2390 ex
722 2329 781 2390 diei
802 2339 937 2408 tempore
959 2330 1161 2392 coniecturam

137 2426 258 2495 ceperat
279 2417 311 2478 in
333 2424 435 2478 castra
448 2424 644 2496 perventum,
667 2416 774 2476 iisdem
790 2415 926 2489 sublicis,
950 2435 1077 2495 quarum
1088 2436 1161 2497 pars

138 2503 262 2564 inferior
287 2503 406 2582 integra
433 2503 623 2576 remanebat,
658 2505 780 2582 pontem
806 2504 927 2563 reficere
950 2503 1055 2582 coepit
1101 2502 1161 2564 (le-
1175 2524 1204 2562 2³

139 2588 242 2650 leriter
264 2589 367 2656 effecto
391 2608 479 2668 opere
501 2589 724 2669 legionibusque
746 2588 892 2650 traductis
915 2596 945 2648 et
966 2588 1031 2649 loco
1054 2588 1161 2650 castris

139 2677 245 2736 idoneo
280 2674 394 2735 delecto
427 2674 558 2754 reliquas
592 2675 693 2754 copias
721 2675 883 2736 revocavit.
932 2674 1162 2755 Vercingetorix

141 2760 329 2840 recognita,
358 2780 394 2820 ne
422 2770 527 2821 contra
554 2779 640 2821 snam
662 2759 849 2822 voluntatem
876 2760 1018 2821 dimicare
1040 2780 1162 2842 cogere·

142 2856 201 2917 tur,
226 2844 342 2924 magnis
365 2844 523 2906 itineribus
546 2847 720 2907 antecessit
1056 2893 1059 2897 -

206 2931 322 2991 Caesar
344 2949 382 2990 ex
404 2949 438 2990 eo
459 2930 525 2991 loco
548 2931 661 3009 quintis
687 2930 796 2993 castris
819 2931 1002 3011 Gergoviam
1023 2932 1205 3011 pervenitad

142 3016 330 3097 equestrique
353 3034 388 3076 eo
410 3017 459 3077 die
480 3015 594 3094 proelio
617 3016 678 3078 levi
699 3019 779 3078 iacto
800 3017 959 3097 perspecto
982 3017 1066 3078 urbis
1089 3019 1160 3093 situ,
1175 3042 1199 3080 οι

142 3123 220 3183 quae
240 3102 343 3182 posita
364 3101 396 3162 in
418 3100 565 3162 altissimo
588 3113 689 3164 monte
712 3121 813 3165 omnes
837 3103 938 3164 aditus
953 3103 1087 3164 difficiles
1103 3103 1162 3164 ba·

141 3190 249 3263 bebat,
284 3189 321 3250 de
355 3186 575 3268 expugnatione
608 3188 796 3267 desperavit,
831 3190 868 3250 de
896 3189 1068 3250 obsessione
1101 3208 1162 3250 nou

141 3276 225 3357 prius
253 3275 400 3355 agendum
423 3273 594 3347 constitnit,
623 3292 719 3354 quam
734 3293 796 3334 rem
819 3275 1046 3335 frumentariam
1068 3294 1162 3354 expe-

142 3363 247 3424 disset.
291 3361 337 3422 At
368 3359 598 3440 Vercingetorix
630 3359 737 3420 eastris
771 3356 863 3439 prope
891 3360 1032 3440 oppidum
1054 3361 1163 3439 positis
1176 3386 1204 3425 se

142 3448 338 3510 mediocribus
372 3447 480 3508 oneum
513 3465 546 3506 se
578 3445 746 3507 intervallis
780 3446 944 3526 separatim
978 3446 1162 3525 singularum

143 3535 310 3596 civitatium
344 3535 444 3613 copias
478 3531 703 3606 conlocauerat,
738 3540 828 3612 atque
856 3531 994 3592 omnibus
1017 3533 1080 3594 eius
1102 3533 1162 3616 iugi

142 3621 266 3683 collibus
290 3621 455 3701 occupatis,
480 3638 539 3699 qua
561 3619 673 3699 despici
688 3628 823 3698 poterat,
846 3617 1019 3679 horribilem
1034 3621 1162 3698 speciem

142 3709 323 3789 praebebat,
356 3707 564 3786 principesque
597 3725 701 3767 earum
729 3705 911 3776 civitatium,
946 3723 1021 3784 quos
1043 3705 1101 3767 sibi
1123 3709 1163 3771 ad

143 3794 300 3856 eonsilium
322 3793 499 3872 capiendum
523 3790 689 3872 delegerat,
712 3792 810 3871 prima
831 3790 897 3852 luce
920 3791 1051 3870 quotidie
1074 3795 1113 3855 ad
1129 3815 1162 3857 se
1176 3820 1206 3858 eo

144 3881 304 3942 convenire
337 3880 474 3951 iubebat,
509 3898 562 3940 seu
594 3879 665 3959 quid
697 3878 976 3941 communicandum
1009 3897 1063 3939 seu
1091 3881 1163 3961 quid

91 3962 95 3969 ’
145 3966 417 4029 administrandum
449 3965 608 4039 videretur,
643 3985 739 4046 neque
767 3964 862 4026 ullum
882 3966 944 4027 iere
967 3964 1045 4028 diem
1067 3966 1163 4030 iuter-
