<?xml version="1.0" encoding="UTF-8"?>
<!DOCTYPE html PUBLIC "-//W3C//DTD XHTML 1.0 Transitional//EN"
    "http://www.w3.org/TR/xhtml1/DTD/xhtml1-transitional.dtd">
<html xmlns="http://www.w3.org/1999/xhtml" xml:lang="en" lang="en">
 <head>
  <title>
</title>
<meta http-equiv="Content-Type" content="text/html;charset=utf-8" />
  <meta name='ocr-system' content='tesseract 3.04.00' />
  <meta name='ocr-capabilities' content='ocr_page ocr_carea ocr_par ocr_line ocrx_word'/>
</head>
<body>
  <div class='ocr_page' id='page_1' title='image "./debellogallicol00friggoog_0074.png"; bbox 0 0 2616 4492; ppageno 0'>
   <div class='ocr_carea' id='block_1_1' title="bbox 396 286 1098 355">
    <p class='ocr_par' dir='ltr' id='par_1_1' title="bbox 396 286 1098 355">
     <span class='ocr_line' id='line_1_1' title="bbox 396 286 1098 355; baseline 0.006 -5"><span class='ocrx_word' id='word_1_1' title='bbox 396 303 466 351; x_wconf 81' lang='lat' dir='ltr'>nm.</span> <span class='ocrx_word' id='word_1_2' title='bbox 480 304 533 351; x_wconf 86' lang='lat'>111.</span> <span class='ocrx_word' id='word_1_3' title='bbox 555 303 632 351; x_wconf 79' lang='lat' dir='ltr'>our.</span> <span class='ocrx_word' id='word_1_4' title='bbox 646 286 785 353; x_wconf 76' lang='lat'><strong>23-29.</strong></span> <span class='ocrx_word' id='word_1_5' title='bbox 1057 288 1098 355; x_wconf 82' lang='lat'>51</span> 
     </span>
    </p>
   </div>
   <div class='ocr_carea' id='block_1_2' title="bbox 79 441 1148 4056">
    <p class='ocr_par' dir='ltr' id='par_1_2' title="bbox 79 441 1144 1905">
     <span class='ocr_line' id='line_1_2' title="bbox 82 441 1099 523; baseline 0.004 -18"><span class='ocrx_word' id='word_1_6' title='bbox 82 442 273 523; x_wconf 86' lang='lat' dir='ltr'>tionibusque</span> <span class='ocrx_word' id='word_1_7' title='bbox 305 462 378 505; x_wconf 90' lang='lat' dir='ltr'>suos</span> <span class='ocrx_word' id='word_1_8' title='bbox 411 443 591 517; x_wconf 78' lang='lat' dir='ltr'>excitarent,</span> <span class='ocrx_word' id='word_1_9' title='bbox 630 442 703 523; x_wconf 92' lang='lat' dir='ltr'>qnid</span> <span class='ocrx_word' id='word_1_10' title='bbox 735 442 801 505; x_wconf 86' lang='lat' dir='ltr'>fieri</span> <span class='ocrx_word' id='word_1_11' title='bbox 833 441 922 517; x_wconf 90' lang='lat' dir='ltr'>velit,</span> <span class='ocrx_word' id='word_1_12' title='bbox 957 443 1099 509; x_wconf 80' lang='lat' dir='ltr'><strong>ostendit.</strong></span> 
     </span>
     <span class='ocr_line' id='line_1_3' title="bbox 81 528 1100 610; baseline 0 -19"><span class='ocrx_word' id='word_1_13' title='bbox 81 528 145 601; x_wconf 94' lang='lat' dir='ltr'>Illi,</span> <span class='ocrx_word' id='word_1_14' title='bbox 168 537 202 591; x_wconf 91' lang='lat' dir='ltr'>ut</span> <span class='ocrx_word' id='word_1_15' title='bbox 223 537 291 591; x_wconf 85' lang='lat' dir='ltr'>erat</span> <span class='ocrx_word' id='word_1_16' title='bbox 310 529 507 608; x_wconf 86' lang='lat' dir='ltr'>imperatum,</span> <span class='ocrx_word' id='word_1_17' title='bbox 531 530 644 592; x_wconf 83' lang='lat' dir='ltr'><strong>eductis</strong></span> <span class='ocrx_word' id='word_1_18' title='bbox 659 529 697 590; x_wconf 91' lang='lat' dir='ltr'>iis</span> <span class='ocrx_word' id='word_1_19' title='bbox 712 528 899 604; x_wconf 80' lang='lat' dir='ltr'><strong>cohortibus,</strong></span> <span class='ocrx_word' id='word_1_20' title='bbox 922 547 1100 610; x_wconf 49' lang='lat' dir='ltr'>quaeprooff</span> 
     </span>
     <span class='ocr_line' id='line_1_4' title="bbox 81 614 1100 698; baseline 0.003 -22"><span class='ocrx_word' id='word_1_21' title='bbox 81 614 158 677; x_wconf 88' lang='lat' dir='ltr'>sidio</span> <span class='ocrx_word' id='word_1_22' title='bbox 181 616 291 678; x_wconf 87' lang='lat' dir='ltr'>castris</span> <span class='ocrx_word' id='word_1_23' title='bbox 313 615 436 677; x_wconf 86' lang='lat' dir='ltr'>relictae</span> <span class='ocrx_word' id='word_1_24' title='bbox 457 616 581 679; x_wconf 80' lang='lat' dir='ltr'>intritae</span> <span class='ocrx_word' id='word_1_25' title='bbox 603 616 643 677; x_wconf 89' lang='lat' dir='ltr'>ab</span> <span class='ocrx_word' id='word_1_26' title='bbox 665 614 769 677; x_wconf 89' lang='lat' dir='ltr'>labore</span> <span class='ocrx_word' id='word_1_27' title='bbox 791 622 893 687; x_wconf 42' lang='lat' dir='ltr'>eran&amp;</span> <span class='ocrx_word' id='word_1_28' title='bbox 917 623 949 677; x_wconf 87' lang='lat' dir='ltr'>et</span> <span class='ocrx_word' id='word_1_29' title='bbox 966 615 1100 698; x_wconf 81' lang='lat' dir='ltr'>longiore</span> 
     </span>
     <span class='ocr_line' id='line_1_5' title="bbox 81 701 1100 782; baseline 0.002 -19"><span class='ocrx_word' id='word_1_30' title='bbox 81 701 188 763; x_wconf 91' lang='lat' dir='ltr'>itinere</span> <span class='ocrx_word' id='word_1_31' title='bbox 215 701 440 777; x_wconf 81' lang='lat' dir='ltr'>circumductis,</span> <span class='ocrx_word' id='word_1_32' title='bbox 469 722 507 764; x_wconf 91' lang='lat' dir='ltr'>ne</span> <span class='ocrx_word' id='word_1_33' title='bbox 529 722 568 765; x_wconf 85' lang='lat' dir='ltr'>ex</span> <span class='ocrx_word' id='word_1_34' title='bbox 588 701 721 764; x_wconf 88' lang='lat' dir='ltr'>hostium</span> <span class='ocrx_word' id='word_1_35' title='bbox 744 701 851 763; x_wconf 88' lang='lat' dir='ltr'>castris</span> <span class='ocrx_word' id='word_1_36' title='bbox 873 701 1005 781; x_wconf 88' lang='lat' dir='ltr'>conspici</span> <span class='ocrx_word' id='word_1_37' title='bbox 1025 722 1100 782; x_wconf 86' lang='lat' dir='ltr'>pos·</span> 
     </span>
     <span class='ocr_line' id='line_1_6' title="bbox 82 787 1128 868; baseline 0.002 -19"><span class='ocrx_word' id='word_1_38' title='bbox 82 796 165 860; x_wconf 90' lang='lat' dir='ltr'>sent,</span> <span class='ocrx_word' id='word_1_39' title='bbox 189 788 322 850; x_wconf 92' lang='lat' dir='ltr'>omnium</span> <span class='ocrx_word' id='word_1_40' title='bbox 344 787 438 849; x_wconf 89' lang='lat' dir='ltr'>oculis</span> <span class='ocrx_word' id='word_1_41' title='bbox 460 789 670 867; x_wconf 85' lang='lat' dir='ltr'>mentibusque</span> <span class='ocrx_word' id='word_1_42' title='bbox 692 789 732 849; x_wconf 90' lang='lat' dir='ltr'>ad</span> <span class='ocrx_word' id='word_1_43' title='bbox 753 806 884 868; x_wconf 87' lang='lat' dir='ltr'>pugnam</span> <span class='ocrx_word' id='word_1_44' title='bbox 905 787 1128 863; x_wconf 64' lang='lat' dir='ltr'>intonueras</span> 
     </span>
     <span class='ocr_line' id='line_1_7' title="bbox 80 872 1101 954; baseline 0.003 -20"><span class='ocrx_word' id='word_1_45' title='bbox 80 872 185 936; x_wconf 90' lang='lat' dir='ltr'>leriter</span> <span class='ocrx_word' id='word_1_46' title='bbox 206 876 246 936; x_wconf 83' lang='lat' dir='ltr'>ad</span> <span class='ocrx_word' id='word_1_47' title='bbox 269 892 336 947; x_wconf 88' lang='lat' dir='ltr'>eas,</span> <span class='ocrx_word' id='word_1_48' title='bbox 360 893 435 954; x_wconf 86' lang='lat' dir='ltr'>quas</span> <span class='ocrx_word' id='word_1_49' title='bbox 458 875 603 947; x_wconf 81' lang='lat' dir='ltr'>dixirnus,</span> <span class='ocrx_word' id='word_1_50' title='bbox 626 873 806 936; x_wconf 86' lang='lat' dir='ltr'>munitiones</span> <span class='ocrx_word' id='word_1_51' title='bbox 827 883 1031 954; x_wconf 87' lang='lat' dir='ltr'>pervenerunt</span> <span class='ocrx_word' id='word_1_52' title='bbox 1050 884 1101 937; x_wconf 85' lang='lat' dir='ltr'>at-</span> 
     </span>
     <span class='ocr_line' id='line_1_8' title="bbox 80 960 1100 1040; baseline 0.002 -19"><span class='ocrx_word' id='word_1_53' title='bbox 80 979 140 1039; x_wconf 88' lang='lat' dir='ltr'>que</span> <span class='ocrx_word' id='word_1_54' title='bbox 171 960 219 1022; x_wconf 92' lang='lat' dir='ltr'>his</span> <span class='ocrx_word' id='word_1_55' title='bbox 251 960 383 1040; x_wconf 90' lang='lat' dir='ltr'>prorutis</span> <span class='ocrx_word' id='word_1_56' title='bbox 415 961 497 1040; x_wconf 89' lang='lat' dir='ltr'>prius</span> <span class='ocrx_word' id='word_1_57' title='bbox 531 962 562 1024; x_wconf 91' lang='lat' dir='ltr'>in</span> <span class='ocrx_word' id='word_1_58' title='bbox 594 960 725 1022; x_wconf 90' lang='lat' dir='ltr'>hostium</span> <span class='ocrx_word' id='word_1_59' title='bbox 754 961 869 1023; x_wconf 87' lang='lat' dir='ltr'>castris-</span> <span class='ocrx_word' id='word_1_60' title='bbox 885 961 1100 1037; x_wconf 88' lang='lat' dir='ltr'>constiterunt,</span> 
     </span>
     <span class='ocr_line' id='line_1_9' title="bbox 80 1046 1099 1129; baseline 0.002 -22"><span class='ocrx_word' id='word_1_61' title='bbox 80 1066 170 1125; x_wconf 80' lang='lat' dir='ltr'>quam</span> <span class='ocrx_word' id='word_1_62' title='bbox 192 1046 283 1126; x_wconf 88' lang='lat' dir='ltr'>plane</span> <span class='ocrx_word' id='word_1_63' title='bbox 305 1048 343 1107; x_wconf 93' lang='lat' dir='ltr'>ab</span> <span class='ocrx_word' id='word_1_64' title='bbox 365 1046 403 1108; x_wconf 90' lang='lat' dir='ltr'>iis</span> <span class='ocrx_word' id='word_1_65' title='bbox 425 1047 521 1109; x_wconf 89' lang='lat' dir='ltr'>videri</span> <span class='ocrx_word' id='word_1_66' title='bbox 543 1057 611 1120; x_wconf 90' lang='lat' dir='ltr'>aut,</span> <span class='ocrx_word' id='word_1_67' title='bbox 640 1047 712 1127; x_wconf 93' lang='lat' dir='ltr'>quid</span> <span class='ocrx_word' id='word_1_68' title='bbox 733 1047 776 1109; x_wconf 94' lang='lat' dir='ltr'>rei</span> <span class='ocrx_word' id='word_1_69' title='bbox 798 1055 957 1128; x_wconf 82' lang='lat' dir='ltr'>gereretur,</span> <span class='ocrx_word' id='word_1_70' title='bbox 985 1066 1099 1129; x_wconf 87' lang='lat' dir='ltr'>cogno-</span> 
     </span>
     <span class='ocr_line' id='line_1_10' title="bbox 80 1133 1101 1213; baseline 0.001 -18"><span class='ocrx_word' id='word_1_71' title='bbox 80 1133 123 1195; x_wconf 87' lang='lat' dir='ltr'>sci</span> <span class='ocrx_word' id='word_1_72' title='bbox 144 1142 258 1213; x_wconf 85' lang='lat' dir='ltr'>posset.</span> <span class='ocrx_word' id='word_1_73' title='bbox 304 1134 382 1194; x_wconf 88' lang='lat' dir='ltr'>Tum</span> <span class='ocrx_word' id='word_1_74' title='bbox 403 1151 475 1195; x_wconf 86' lang='lat' dir='ltr'>vero</span> <span class='ocrx_word' id='word_1_75' title='bbox 498 1133 629 1195; x_wconf 88' lang='lat' dir='ltr'>clamore</span> <span class='ocrx_word' id='word_1_76' title='bbox 651 1134 690 1194; x_wconf 83' lang='lat' dir='ltr'>ab</span> <span class='ocrx_word' id='word_1_77' title='bbox 713 1153 750 1194; x_wconf 88' lang='lat' dir='ltr'>ea</span> <span class='ocrx_word' id='word_1_78' title='bbox 771 1143 858 1212; x_wconf 90' lang='lat' dir='ltr'>parte</span> <span class='ocrx_word' id='word_1_79' title='bbox 880 1133 982 1195; x_wconf 89' lang='lat' dir='ltr'>andito</span> <span class='ocrx_word' id='word_1_80' title='bbox 1003 1133 1101 1205; x_wconf 79' lang='lat' dir='ltr'>nostri</span> 
     </span>
     <span class='ocr_line' id='line_1_11' title="bbox 80 1219 1144 1301; baseline 0.005 -21"><span class='ocrx_word' id='word_1_81' title='bbox 80 1219 291 1300; x_wconf 79' lang='lat' dir='ltr'>redintegratis</span> <span class='ocrx_word' id='word_1_82' title='bbox 313 1219 443 1294; x_wconf 86' lang='lat' dir='ltr'>viribus,</span> <span class='ocrx_word' id='word_1_83' title='bbox 466 1221 544 1301; x_wconf 89' lang='lat' dir='ltr'>quod</span> <span class='ocrx_word' id='word_1_84' title='bbox 565 1219 740 1300; x_wconf 89' lang='lat' dir='ltr'>plerumque</span> <span class='ocrx_word' id='word_1_85' title='bbox 762 1219 794 1281; x_wconf 92' lang='lat' dir='ltr'>in</span> <span class='ocrx_word' id='word_1_86' title='bbox 816 1239 871 1299; x_wconf 89' lang='lat' dir='ltr'>spe</span> <span class='ocrx_word' id='word_1_87' title='bbox 885 1219 1030 1282; x_wconf 86' lang='lat' dir='ltr'>victoriae</span> <span class='ocrx_word' id='word_1_88' title='bbox 1044 1239 1098 1283; x_wconf 62' lang='lat' dir='ltr'>are</span> <span class='ocrx_word' id='word_1_89' title='bbox 1115 1245 1144 1285; x_wconf 86' lang='lat' dir='ltr'>ro</span> 
     </span>
     <span class='ocr_line' id='line_1_12' title="bbox 81 1305 1100 1386; baseline 0.005 -20"><span class='ocrx_word' id='word_1_90' title='bbox 81 1305 178 1367; x_wconf 89' lang='lat' dir='ltr'>cidere</span> <span class='ocrx_word' id='word_1_91' title='bbox 194 1305 363 1379; x_wconf 89' lang='lat' dir='ltr'>cousuevit,</span> <span class='ocrx_word' id='word_1_92' title='bbox 388 1305 485 1367; x_wconf 89' lang='lat' dir='ltr'>acrius</span> <span class='ocrx_word' id='word_1_93' title='bbox 500 1305 675 1386; x_wconf 82' lang='lat' dir='ltr'>impugnare</span> <span class='ocrx_word' id='word_1_94' title='bbox 686 1314 857 1385; x_wconf 86' lang='lat' dir='ltr'>coeperunt.</span> <span class='ocrx_word' id='word_1_95' title='bbox 880 1305 994 1367; x_wconf 88' lang='lat' dir='ltr'>Hostes</span> <span class='ocrx_word' id='word_1_96' title='bbox 1008 1306 1100 1371; x_wconf 59' lang='lat' dir='ltr'>nudi*</span> 
     </span>
     <span class='ocr_line' id='line_1_13' title="bbox 82 1391 1101 1472; baseline 0.002 -20"><span class='ocrx_word' id='word_1_97' title='bbox 82 1410 140 1470; x_wconf 90' lang='lat' dir='ltr'>que</span> <span class='ocrx_word' id='word_1_98' title='bbox 172 1391 366 1453; x_wconf 88' lang='lat' dir='ltr'>circumventi</span> <span class='ocrx_word' id='word_1_99' title='bbox 393 1392 562 1472; x_wconf 88' lang='lat' dir='ltr'>desperatis</span> <span class='ocrx_word' id='word_1_100' title='bbox 591 1391 729 1453; x_wconf 90' lang='lat' dir='ltr'>omnibns</span> <span class='ocrx_word' id='word_1_101' title='bbox 757 1393 846 1453; x_wconf 90' lang='lat' dir='ltr'>rebus</span> <span class='ocrx_word' id='word_1_102' title='bbox 870 1410 902 1452; x_wconf 89' lang='lat' dir='ltr'>se</span> <span class='ocrx_word' id='word_1_103' title='bbox 924 1411 979 1470; x_wconf 91' lang='lat' dir='ltr'>per</span> <span class='ocrx_word' id='word_1_104' title='bbox 1000 1392 1101 1454; x_wconf 91' lang='lat' dir='ltr'>muni-</span> 
     </span>
     <span class='ocr_line' id='line_1_14' title="bbox 81 1476 1100 1559; baseline 0.003 -21"><span class='ocrx_word' id='word_1_105' title='bbox 81 1477 181 1539; x_wconf 93' lang='lat' dir='ltr'>tiones</span> <span class='ocrx_word' id='word_1_106' title='bbox 204 1478 329 1539; x_wconf 90' lang='lat' dir='ltr'>deiicere</span> <span class='ocrx_word' id='word_1_107' title='bbox 352 1486 383 1538; x_wconf 90' lang='lat' dir='ltr'>et</span> <span class='ocrx_word' id='word_1_108' title='bbox 403 1479 475 1559; x_wconf 86' lang='lat' dir='ltr'>iuga</span> <span class='ocrx_word' id='word_1_109' title='bbox 496 1479 627 1539; x_wconf 89' lang='lat' dir='ltr'>salutem</span> <span class='ocrx_word' id='word_1_110' title='bbox 649 1486 752 1558; x_wconf 90' lang='lat' dir='ltr'>petere</span> <span class='ocrx_word' id='word_1_111' title='bbox 773 1478 976 1539; x_wconf 84' lang='lat' dir='ltr'>intenderunt</span> <span class='ocrx_word' id='word_1_112' title='bbox 1014 1476 1100 1547; x_wconf 78' lang='lat' dir='ltr'>Quos</span> 
     </span>
     <span class='ocr_line' id='line_1_15' title="bbox 81 1562 1100 1645; baseline 0.001 -21"><span class='ocrx_word' id='word_1_113' title='bbox 81 1564 234 1644; x_wconf 85' lang='lat' dir='ltr'>equitatus</span> <span class='ocrx_word' id='word_1_114' title='bbox 257 1562 457 1643; x_wconf 87' lang='lat' dir='ltr'>apertissimis</span> <span class='ocrx_word' id='word_1_115' title='bbox 480 1565 594 1644; x_wconf 88' lang='lat' dir='ltr'>campis</span> <span class='ocrx_word' id='word_1_116' title='bbox 617 1572 805 1626; x_wconf 88' lang='lat' dir='ltr'>consectatus</span> <span class='ocrx_word' id='word_1_117' title='bbox 829 1583 866 1625; x_wconf 88' lang='lat' dir='ltr'>ex</span> <span class='ocrx_word' id='word_1_118' title='bbox 881 1562 995 1624; x_wconf 89' lang='lat' dir='ltr'>milium</span> <span class='ocrx_word' id='word_1_119' title='bbox 1010 1563 1100 1645; x_wconf 89' lang='lat' dir='ltr'>quin-</span> 
     </span>
     <span class='ocr_line' id='line_1_16' title="bbox 81 1649 1142 1730; baseline 0.003 -20"><span class='ocrx_word' id='word_1_120' title='bbox 81 1650 226 1730; x_wconf 80' lang='lat' dir='ltr'>quaginta</span> <span class='ocrx_word' id='word_1_121' title='bbox 252 1669 391 1721; x_wconf 91' lang='lat' dir='ltr'>uumero,</span> <span class='ocrx_word' id='word_1_122' title='bbox 426 1669 503 1730; x_wconf 90' lang='lat' dir='ltr'>quae</span> <span class='ocrx_word' id='word_1_123' title='bbox 530 1670 568 1711; x_wconf 90' lang='lat' dir='ltr'>ex</span> <span class='ocrx_word' id='word_1_124' title='bbox 588 1649 759 1729; x_wconf 90' lang='lat' dir='ltr'>Aquitania</span> <span class='ocrx_word' id='word_1_125' title='bbox 781 1649 1002 1730; x_wconf 84' lang='lat' dir='ltr'>Cantabrisque</span> <span class='ocrx_word' id='word_1_126' title='bbox 1025 1668 1099 1711; x_wconf 89' lang='lat' dir='ltr'>con-</span> <span class='ocrx_word' id='word_1_127' title='bbox 1115 1674 1142 1713; x_wconf 84' lang='lat' dir='ltr'>rs</span> 
     </span>
     <span class='ocr_line' id='line_1_17' title="bbox 79 1735 1120 1816; baseline 0.002 -20"><span class='ocrx_word' id='word_1_128' title='bbox 79 1736 200 1797; x_wconf 86' lang='lat' dir='ltr'>venisse</span> <span class='ocrx_word' id='word_1_129' title='bbox 233 1738 408 1809; x_wconf 85' lang='lat' dir='ltr'>constabat,</span> <span class='ocrx_word' id='word_1_130' title='bbox 442 1737 495 1799; x_wconf 83' lang='lat' dir='ltr'>vix</span> <span class='ocrx_word' id='word_1_131' title='bbox 522 1745 630 1816; x_wconf 84' lang='lat' dir='ltr'>quarta</span> <span class='ocrx_word' id='word_1_132' title='bbox 656 1745 743 1815; x_wconf 87' lang='lat' dir='ltr'>parte</span> <span class='ocrx_word' id='word_1_133' title='bbox 766 1736 872 1797; x_wconf 91' lang='lat' dir='ltr'>relicta</span> <span class='ocrx_word' id='word_1_134' title='bbox 893 1735 991 1797; x_wconf 87' lang='lat' dir='ltr'>multa</span> <span class='ocrx_word' id='word_1_135' title='bbox 1011 1744 1120 1798; x_wconf 67' lang='lat' dir='ltr'>nocte*</span> 
     </span>
     <span class='ocr_line' id='line_1_18' title="bbox 80 1820 434 1905; baseline -0.003 -22"><span class='ocrx_word' id='word_1_136' title='bbox 80 1841 120 1905; x_wconf 7' lang='lat' dir='ltr'>seq</span> <span class='ocrx_word' id='word_1_137' title='bbox 136 1821 168 1882; x_wconf 93' lang='lat' dir='ltr'>in</span> <span class='ocrx_word' id='word_1_138' title='bbox 190 1830 291 1884; x_wconf 87' lang='lat' dir='ltr'>castra</span> <span class='ocrx_word' id='word_1_139' title='bbox 311 1820 434 1901; x_wconf 81' lang='lat' dir='ltr'>recepit</span> 
     </span>
    </p>

    <p class='ocr_par' dir='ltr' id='par_1_3' title="bbox 79 1905 1144 2420">
     <span class='ocr_line' id='line_1_19' title="bbox 145 1905 1144 1988; baseline -0.003 -18"><span class='ocrx_word' id='word_1_140' title='bbox 145 1908 215 1970; x_wconf 89' lang='lat' dir='ltr'>Hac</span> <span class='ocrx_word' id='word_1_141' title='bbox 235 1907 342 1969; x_wconf 86' lang='lat' dir='ltr'>audita</span> <span class='ocrx_word' id='word_1_142' title='bbox 355 1927 457 1988; x_wconf 90' lang='lat' dir='ltr'>pugna</span> <span class='ocrx_word' id='word_1_143' title='bbox 472 1907 604 1969; x_wconf 87' lang='lat' dir='ltr'>maxima</span> <span class='ocrx_word' id='word_1_144' title='bbox 619 1927 690 1986; x_wconf 89' lang='lat' dir='ltr'>pars</span> <span class='ocrx_word' id='word_1_145' title='bbox 704 1905 889 1988; x_wconf 88' lang='lat' dir='ltr'>Aquitaniae</span> <span class='ocrx_word' id='word_1_146' title='bbox 904 1925 971 1969; x_wconf 91' lang='lat' dir='ltr'>sese</span> <span class='ocrx_word' id='word_1_147' title='bbox 986 1905 1100 1971; x_wconf 81' lang='lat' dir='ltr'>Crasso</span> <span class='ocrx_word' id='word_1_148' title='bbox 1109 1914 1144 1967; x_wconf 77' lang='lat'>27</span> 
     </span>
     <span class='ocr_line' id='line_1_20' title="bbox 79 1992 1102 2074; baseline 0.001 -19"><span class='ocrx_word' id='word_1_149' title='bbox 79 1994 196 2056; x_wconf 89' lang='lat' dir='ltr'>dedidit</span> <span class='ocrx_word' id='word_1_150' title='bbox 228 1994 408 2074; x_wconf 92' lang='lat' dir='ltr'>obsidesque</span> <span class='ocrx_word' id='word_1_151' title='bbox 440 1994 520 2056; x_wconf 86' lang='lat' dir='ltr'>ultro</span> <span class='ocrx_word' id='word_1_152' title='bbox 553 1994 636 2056; x_wconf 89' lang='lat' dir='ltr'>misit</span> <span class='ocrx_word' id='word_1_153' title='bbox 643 2012 653 2067; x_wconf 90' lang='lat'>;</span> <span class='ocrx_word' id='word_1_154' title='bbox 687 2013 745 2074; x_wconf 93' lang='lat' dir='ltr'>quo</span> <span class='ocrx_word' id='word_1_155' title='bbox 772 1992 804 2055; x_wconf 93' lang='lat' dir='ltr'>in</span> <span class='ocrx_word' id='word_1_156' title='bbox 830 2012 953 2054; x_wconf 90' lang='lat' dir='ltr'>numero</span> <span class='ocrx_word' id='word_1_157' title='bbox 980 1994 1102 2056; x_wconf 81' lang='lat' dir='ltr'>luerunt</span> 
     </span>
     <span class='ocr_line' id='line_1_21' title="bbox 81 2079 1144 2161; baseline 0.004 -20"><span class='ocrx_word' id='word_1_158' title='bbox 81 2079 230 2154; x_wconf 85' lang='lat' dir='ltr'>Tarbelli,</span> <span class='ocrx_word' id='word_1_159' title='bbox 257 2080 463 2161; x_wconf 89' lang='lat' dir='ltr'>Bigerriones,</span> <span class='ocrx_word' id='word_1_160' title='bbox 486 2080 616 2154; x_wconf 75' lang='lat' dir='ltr'>Priami,</span> <span class='ocrx_word' id='word_1_161' title='bbox 639 2081 789 2154; x_wconf 84' lang='lat' dir='ltr'>Vocates,</span> <span class='ocrx_word' id='word_1_162' title='bbox 814 2079 998 2154; x_wconf 85' lang='lat' dir='ltr'>Tarusates,</span> <span class='ocrx_word' id='word_1_163' title='bbox 1020 2080 1100 2143; x_wconf 84' lang='lat' dir='ltr'>Elu·</span> <span class='ocrx_word' id='word_1_164' title='bbox 1113 2106 1144 2145; x_wconf 81' lang='lat' dir='ltr'>ao</span> 
     </span>
     <span class='ocr_line' id='line_1_22' title="bbox 81 2163 1100 2242; baseline 0.001 -15"><span class='ocrx_word' id='word_1_165' title='bbox 81 2175 178 2240; x_wconf 89' lang='lat' dir='ltr'>sates,</span> <span class='ocrx_word' id='word_1_166' title='bbox 218 2165 332 2240; x_wconf 80' lang='lat' dir='ltr'>Getes,</span> <span class='ocrx_word' id='word_1_167' title='bbox 370 2165 482 2241; x_wconf 90' lang='lat' dir='ltr'>Ausci,</span> <span class='ocrx_word' id='word_1_168' title='bbox 517 2165 682 2242; x_wconf 83' lang='lat' dir='ltr'>Garumni,</span> <span class='ocrx_word' id='word_1_169' title='bbox 717 2166 892 2239; x_wconf 84' lang='lat' dir='ltr'>Sibuaates,</span> <span class='ocrx_word' id='word_1_170' title='bbox 928 2163 1100 2228; x_wconf 80' lang='lat' dir='ltr'>Cocosates.</span> 
     </span>
     <span class='ocr_line' id='line_1_23' title="bbox 79 2252 1101 2333; baseline 0.001 -19"><span class='ocrx_word' id='word_1_171' title='bbox 79 2252 202 2315; x_wconf 80' lang='lat' dir='ltr'>Paucae</span> <span class='ocrx_word' id='word_1_172' title='bbox 233 2253 358 2315; x_wconf 89' lang='lat' dir='ltr'>ultimae</span> <span class='ocrx_word' id='word_1_173' title='bbox 391 2253 531 2315; x_wconf 89' lang='lat' dir='ltr'>nationes</span> <span class='ocrx_word' id='word_1_174' title='bbox 566 2253 639 2316; x_wconf 94' lang='lat' dir='ltr'>anni</span> <span class='ocrx_word' id='word_1_175' title='bbox 671 2262 806 2333; x_wconf 79' lang='lat' dir='ltr'>tempore</span> <span class='ocrx_word' id='word_1_176' title='bbox 838 2253 985 2327; x_wconf 87' lang='lat' dir='ltr'>confisae,</span> <span class='ocrx_word' id='word_1_177' title='bbox 1020 2254 1101 2333; x_wconf 95' lang='lat' dir='ltr'>quod</span> 
     </span>
     <span class='ocr_line' id='line_1_24' title="bbox 79 2339 758 2420; baseline 0 -19"><span class='ocrx_word' id='word_1_178' title='bbox 79 2339 176 2401; x_wconf 89' lang='lat' dir='ltr'>hiems</span> <span class='ocrx_word' id='word_1_179' title='bbox 198 2341 335 2413; x_wconf 87' lang='lat' dir='ltr'>suberat,</span> <span class='ocrx_word' id='word_1_180' title='bbox 358 2339 415 2403; x_wconf 91' lang='lat' dir='ltr'>hoc</span> <span class='ocrx_word' id='word_1_181' title='bbox 435 2341 532 2401; x_wconf 82' lang='lat' dir='ltr'>lacere</span> <span class='ocrx_word' id='word_1_182' title='bbox 554 2340 758 2420; x_wconf 84' lang='lat' dir='ltr'>neglexemut</span> 
     </span>
    </p>

    <p class='ocr_par' dir='ltr' id='par_1_4' title="bbox 80 2423 1148 4056">
     <span class='ocr_line' id='line_1_25' title="bbox 144 2423 1144 2506; baseline -0.003 -19"><span class='ocrx_word' id='word_1_183' title='bbox 144 2426 259 2489; x_wconf 85' lang='lat' dir='ltr'>Eodem</span> <span class='ocrx_word' id='word_1_184' title='bbox 291 2428 354 2488; x_wconf 78' lang='lat' dir='ltr'>iere</span> <span class='ocrx_word' id='word_1_185' title='bbox 381 2435 515 2506; x_wconf 91' lang='lat' dir='ltr'>tempore</span> <span class='ocrx_word' id='word_1_186' title='bbox 543 2426 667 2499; x_wconf 82' lang='lat' dir='ltr'>Caesar,</span> <span class='ocrx_word' id='word_1_187' title='bbox 701 2426 760 2488; x_wconf 91' lang='lat' dir='ltr'>etsi</span> <span class='ocrx_word' id='word_1_188' title='bbox 786 2442 878 2505; x_wconf 90' lang='lat' dir='ltr'>prope</span> <span class='ocrx_word' id='word_1_189' title='bbox 906 2432 1015 2486; x_wconf 89' lang='lat' dir='ltr'>exacta</span> <span class='ocrx_word' id='word_1_190' title='bbox 1040 2423 1144 2487; x_wconf 78' lang='lat' dir='ltr'>iom28</span> 
     </span>
     <span class='ocr_line' id='line_1_26' title="bbox 81 2510 1143 2592; baseline 0.004 -19"><span class='ocrx_word' id='word_1_191' title='bbox 81 2520 184 2574; x_wconf 82' lang='lat' dir='ltr'>aestas</span> <span class='ocrx_word' id='word_1_192' title='bbox 218 2521 298 2586; x_wconf 87' lang='lat' dir='ltr'>erat,</span> <span class='ocrx_word' id='word_1_193' title='bbox 332 2522 450 2587; x_wconf 87' lang='lat' dir='ltr'>tamen,</span> <span class='ocrx_word' id='word_1_194' title='bbox 484 2514 564 2592; x_wconf 90' lang='lat' dir='ltr'>quod</span> <span class='ocrx_word' id='word_1_195' title='bbox 597 2512 679 2574; x_wconf 92' lang='lat' dir='ltr'>omui</span> <span class='ocrx_word' id='word_1_196' title='bbox 712 2511 815 2574; x_wconf 89' lang='lat' dir='ltr'>Gallia</span> <span class='ocrx_word' id='word_1_197' title='bbox 847 2517 957 2591; x_wconf 86' lang='lat' dir='ltr'>pacata</span> <span class='ocrx_word' id='word_1_198' title='bbox 988 2510 1101 2573; x_wconf 86' lang='lat' dir='ltr'>Morini</span> <span class='ocrx_word' id='word_1_199' title='bbox 1114 2537 1143 2577; x_wconf 77' lang='lat' dir='ltr'>as</span> 
     </span>
     <span class='ocr_line' id='line_1_27' title="bbox 80 2597 1102 2679; baseline 0 -20"><span class='ocrx_word' id='word_1_200' title='bbox 80 2598 273 2679; x_wconf 87' lang='lat' dir='ltr'>Menapiique</span> <span class='ocrx_word' id='word_1_201' title='bbox 295 2607 488 2679; x_wconf 90' lang='lat' dir='ltr'>supererant,</span> <span class='ocrx_word' id='word_1_202' title='bbox 512 2597 614 2678; x_wconf 93' lang='lat' dir='ltr'>quiin</span> <span class='ocrx_word' id='word_1_203' title='bbox 637 2599 728 2661; x_wconf 88' lang='lat' dir='ltr'>armis</span> <span class='ocrx_word' id='word_1_204' title='bbox 751 2605 853 2660; x_wconf 90' lang='lat' dir='ltr'>essent</span> <span class='ocrx_word' id='word_1_205' title='bbox 867 2615 964 2676; x_wconf 90' lang='lat' dir='ltr'>neque</span> <span class='ocrx_word' id='word_1_206' title='bbox 979 2597 1019 2658; x_wconf 86' lang='lat' dir='ltr'>ad</span> <span class='ocrx_word' id='word_1_207' title='bbox 1034 2616 1102 2659; x_wconf 90' lang='lat' dir='ltr'>enm</span> 
     </span>
     <span class='ocr_line' id='line_1_28' title="bbox 80 2682 1102 2765; baseline 0 -20"><span class='ocrx_word' id='word_1_208' title='bbox 80 2704 223 2765; x_wconf 91' lang='lat' dir='ltr'>umquam</span> <span class='ocrx_word' id='word_1_209' title='bbox 250 2684 367 2764; x_wconf 90' lang='lat' dir='ltr'>legatos</span> <span class='ocrx_word' id='word_1_210' title='bbox 395 2686 432 2747; x_wconf 88' lang='lat' dir='ltr'>de</span> <span class='ocrx_word' id='word_1_211' title='bbox 453 2704 528 2764; x_wconf 85' lang='lat' dir='ltr'>pace</span> <span class='ocrx_word' id='word_1_212' title='bbox 552 2685 722 2757; x_wconf 91' lang='lat' dir='ltr'>misissent,</span> <span class='ocrx_word' id='word_1_213' title='bbox 749 2685 914 2745; x_wconf 90' lang='lat' dir='ltr'>arbitratus</span> <span class='ocrx_word' id='word_1_214' title='bbox 936 2682 967 2743; x_wconf 92' lang='lat' dir='ltr'>id</span> <span class='ocrx_word' id='word_1_215' title='bbox 989 2682 1102 2745; x_wconf 87' lang='lat' dir='ltr'>bellum</span> 
     </span>
     <span class='ocr_line' id='line_1_29' title="bbox 80 2766 1102 2850; baseline 0.001 -20"><span class='ocrx_word' id='word_1_216' title='bbox 80 2770 215 2831; x_wconf 86' lang='lat' dir='ltr'>celeriter</span> <span class='ocrx_word' id='word_1_217' title='bbox 247 2770 352 2831; x_wconf 86' lang='lat' dir='ltr'>confici</span> <span class='ocrx_word' id='word_1_218' title='bbox 384 2789 475 2848; x_wconf 88' lang='lat' dir='ltr'>posse</span> <span class='ocrx_word' id='word_1_219' title='bbox 503 2790 538 2831; x_wconf 90' lang='lat' dir='ltr'>eo</span> <span class='ocrx_word' id='word_1_220' title='bbox 567 2771 730 2833; x_wconf 88' lang='lat' dir='ltr'>exercitum</span> <span class='ocrx_word' id='word_1_221' title='bbox 752 2768 887 2832; x_wconf 85' lang='lat' dir='ltr'>adduxit.</span> <span class='ocrx_word' id='word_1_222' title='bbox 932 2766 993 2840; x_wconf 81' lang='lat' dir='ltr'>Qui</span> <span class='ocrx_word' id='word_1_223' title='bbox 1015 2768 1102 2850; x_wconf 84' lang='lat' dir='ltr'>longe</span> 
     </span>
     <span class='ocr_line' id='line_1_30' title="bbox 80 2854 1101 2937; baseline 0 -20"><span class='ocrx_word' id='word_1_224' title='bbox 80 2854 143 2917; x_wconf 89' lang='lat' dir='ltr'>alia</span> <span class='ocrx_word' id='word_1_225' title='bbox 164 2854 280 2916; x_wconf 89' lang='lat' dir='ltr'>ratione</span> <span class='ocrx_word' id='word_1_226' title='bbox 302 2874 338 2916; x_wconf 89' lang='lat' dir='ltr'>ac</span> <span class='ocrx_word' id='word_1_227' title='bbox 360 2855 466 2936; x_wconf 87' lang='lat' dir='ltr'>reliqui</span> <span class='ocrx_word' id='word_1_228' title='bbox 488 2855 571 2918; x_wconf 85' lang='lat' dir='ltr'>Galli</span> <span class='ocrx_word' id='word_1_229' title='bbox 583 2857 697 2918; x_wconf 89' lang='lat' dir='ltr'>bellum</span> <span class='ocrx_word' id='word_1_230' title='bbox 712 2876 813 2937; x_wconf 87' lang='lat' dir='ltr'>gerere</span> <span class='ocrx_word' id='word_1_231' title='bbox 828 2863 998 2934; x_wconf 82' lang='lat' dir='ltr'>coeperunt.</span> <span class='ocrx_word' id='word_1_232' title='bbox 1020 2854 1101 2917; x_wconf 90' lang='lat' dir='ltr'>Nam</span> 
     </span>
     <span class='ocr_line' id='line_1_31' title="bbox 82 2939 1145 3023; baseline 0.007 -22"><span class='ocrx_word' id='word_1_233' title='bbox 82 2941 163 3021; x_wconf 91' lang='lat' dir='ltr'>quod</span> <span class='ocrx_word' id='word_1_234' title='bbox 190 2939 407 3019; x_wconf 88' lang='lat' dir='ltr'>intellegebant</span> <span class='ocrx_word' id='word_1_235' title='bbox 435 2941 584 3002; x_wconf 73' lang='lat' dir='ltr'>maximas</span> <span class='ocrx_word' id='word_1_236' title='bbox 606 2943 760 3017; x_wconf 85' lang='lat' dir='ltr'>nationes,</span> <span class='ocrx_word' id='word_1_237' title='bbox 795 2961 870 3023; x_wconf 90' lang='lat' dir='ltr'>qnae</span> <span class='ocrx_word' id='word_1_238' title='bbox 892 2940 1006 3020; x_wconf 90' lang='lat' dir='ltr'>proelio</span> <span class='ocrx_word' id='word_1_239' title='bbox 1028 2959 1102 3004; x_wconf 89' lang='lat' dir='ltr'>con·</span> <span class='ocrx_word' id='word_1_240' title='bbox 1116 2968 1145 3007; x_wconf 83' lang='lat' dir='ltr'>ao</span> 
     </span>
     <span class='ocr_line' id='line_1_32' title="bbox 82 3025 1103 3107; baseline -0.001 -19"><span class='ocrx_word' id='word_1_241' title='bbox 82 3026 282 3099; x_wconf 89' lang='lat' dir='ltr'>tendisssent,</span> <span class='ocrx_word' id='word_1_242' title='bbox 305 3025 411 3105; x_wconf 87' lang='lat' dir='ltr'>pulsas</span> <span class='ocrx_word' id='word_1_243' title='bbox 434 3035 652 3107; x_wconf 85' lang='lat' dir='ltr'>superatasque</span> <span class='ocrx_word' id='word_1_244' title='bbox 675 3047 756 3101; x_wconf 88' lang='lat' dir='ltr'>esse,</span> <span class='ocrx_word' id='word_1_245' title='bbox 779 3027 1024 3105; x_wconf 87' lang='lat' dir='ltr'>continentesque</span> <span class='ocrx_word' id='word_1_246' title='bbox 1047 3025 1103 3087; x_wconf 90' lang='lat' dir='ltr'>sil-</span> 
     </span>
     <span class='ocr_line' id='line_1_33' title="bbox 80 3111 1102 3193; baseline -0.001 -20"><span class='ocrx_word' id='word_1_247' title='bbox 80 3133 137 3175; x_wconf 87' lang='lat' dir='ltr'>vas</span> <span class='ocrx_word' id='word_1_248' title='bbox 160 3131 196 3173; x_wconf 88' lang='lat' dir='ltr'>ac</span> <span class='ocrx_word' id='word_1_249' title='bbox 218 3112 343 3192; x_wconf 89' lang='lat' dir='ltr'>paludes</span> <span class='ocrx_word' id='word_1_250' title='bbox 366 3111 533 3186; x_wconf 86' lang='lat' dir='ltr'>habebant,</span> <span class='ocrx_word' id='word_1_251' title='bbox 558 3131 592 3174; x_wconf 90' lang='lat' dir='ltr'>eo</span> <span class='ocrx_word' id='word_1_252' title='bbox 613 3133 646 3174; x_wconf 88' lang='lat' dir='ltr'>se</span> <span class='ocrx_word' id='word_1_253' title='bbox 662 3133 775 3193; x_wconf 88' lang='lat' dir='ltr'>suaque</span> <span class='ocrx_word' id='word_1_254' title='bbox 790 3113 892 3175; x_wconf 87' lang='lat' dir='ltr'>omnia</span> <span class='ocrx_word' id='word_1_255' title='bbox 906 3111 1102 3173; x_wconf 88' lang='lat' dir='ltr'>contulerunt</span> 
     </span>
     <span class='ocr_line' id='line_1_34' title="bbox 80 3196 1101 3278; baseline -0.003 -17"><span class='ocrx_word' id='word_1_256' title='bbox 80 3199 133 3261; x_wconf 93' lang='lat' dir='ltr'>Ad</span> <span class='ocrx_word' id='word_1_257' title='bbox 156 3218 281 3278; x_wconf 91' lang='lat' dir='ltr'>quarum</span> <span class='ocrx_word' id='word_1_258' title='bbox 303 3197 422 3260; x_wconf 91' lang='lat' dir='ltr'>initium</span> <span class='ocrx_word' id='word_1_259' title='bbox 445 3196 590 3260; x_wconf 84' lang='lat' dir='ltr'>silvarum</span> <span class='ocrx_word' id='word_1_260' title='bbox 612 3217 679 3260; x_wconf 92' lang='lat' dir='ltr'>cum</span> <span class='ocrx_word' id='word_1_261' title='bbox 701 3199 815 3262; x_wconf 81' lang='lat' dir='ltr'>Caesar</span> <span class='ocrx_word' id='word_1_262' title='bbox 836 3197 1026 3278; x_wconf 89' lang='lat' dir='ltr'>pervenisset</span> <span class='ocrx_word' id='word_1_263' title='bbox 1048 3216 1101 3258; x_wconf 83' lang='lat' dir='ltr'>ca·</span> 
     </span>
     <span class='ocr_line' id='line_1_35' title="bbox 81 3283 1103 3366; baseline -0.002 -19"><span class='ocrx_word' id='word_1_264' title='bbox 81 3295 205 3366; x_wconf 89' lang='lat' dir='ltr'>straque</span> <span class='ocrx_word' id='word_1_265' title='bbox 227 3285 342 3347; x_wconf 89' lang='lat' dir='ltr'>munire</span> <span class='ocrx_word' id='word_1_266' title='bbox 363 3283 547 3346; x_wconf 90' lang='lat' dir='ltr'>instituisset</span> <span class='ocrx_word' id='word_1_267' title='bbox 568 3304 663 3365; x_wconf 90' lang='lat' dir='ltr'>neque</span> <span class='ocrx_word' id='word_1_268' title='bbox 684 3285 781 3347; x_wconf 91' lang='lat' dir='ltr'>hostis</span> <span class='ocrx_word' id='word_1_269' title='bbox 803 3283 920 3347; x_wconf 88' lang='lat' dir='ltr'>interim</span> <span class='ocrx_word' id='word_1_270' title='bbox 944 3283 1028 3344; x_wconf 86' lang='lat' dir='ltr'>visus</span> <span class='ocrx_word' id='word_1_271' title='bbox 1052 3302 1103 3355; x_wconf 62' lang='lat' dir='ltr'>ear</span> 
     </span>
     <span class='ocr_line' id='line_1_36' title="bbox 81 3368 1146 3452; baseline -0.004 -17"><span class='ocrx_word' id='word_1_272' title='bbox 81 3382 144 3446; x_wconf 87' lang='lat' dir='ltr'>set,</span> <span class='ocrx_word' id='word_1_273' title='bbox 167 3370 314 3452; x_wconf 89' lang='lat' dir='ltr'>dispersis</span> <span class='ocrx_word' id='word_1_274' title='bbox 336 3371 367 3433; x_wconf 94' lang='lat' dir='ltr'>iu</span> <span class='ocrx_word' id='word_1_275' title='bbox 390 3390 478 3450; x_wconf 90' lang='lat' dir='ltr'>opere</span> <span class='ocrx_word' id='word_1_276' title='bbox 501 3371 614 3433; x_wconf 89' lang='lat' dir='ltr'>nostris</span> <span class='ocrx_word' id='word_1_277' title='bbox 636 3371 736 3433; x_wconf 93' lang='lat' dir='ltr'>subito</span> <span class='ocrx_word' id='word_1_278' title='bbox 759 3390 797 3432; x_wconf 84' lang='lat' dir='ltr'>ex</span> <span class='ocrx_word' id='word_1_279' title='bbox 811 3368 950 3432; x_wconf 89' lang='lat' dir='ltr'>omnibus</span> <span class='ocrx_word' id='word_1_280' title='bbox 965 3369 1103 3448; x_wconf 90' lang='lat' dir='ltr'>partibus</span> <span class='ocrx_word' id='word_1_281' title='bbox 1116 3397 1146 3437; x_wconf 72' lang='lat' dir='ltr'>aa</span> 
     </span>
     <span class='ocr_line' id='line_1_37' title="bbox 81 3455 1103 3537; baseline -0.003 -17"><span class='ocrx_word' id='word_1_282' title='bbox 81 3459 179 3521; x_wconf 91' lang='lat' dir='ltr'>silvae</span> <span class='ocrx_word' id='word_1_283' title='bbox 206 3458 404 3521; x_wconf 83' lang='lat' dir='ltr'>evolaverunt</span> <span class='ocrx_word' id='word_1_284' title='bbox 431 3466 462 3519; x_wconf 88' lang='lat' dir='ltr'>et</span> <span class='ocrx_word' id='word_1_285' title='bbox 488 3457 519 3520; x_wconf 94' lang='lat' dir='ltr'>in</span> <span class='ocrx_word' id='word_1_286' title='bbox 541 3466 661 3520; x_wconf 91' lang='lat' dir='ltr'>nostros</span> <span class='ocrx_word' id='word_1_287' title='bbox 682 3457 827 3537; x_wconf 91' lang='lat' dir='ltr'>impetum</span> <span class='ocrx_word' id='word_1_288' title='bbox 848 3457 992 3517; x_wconf 80' lang='lat' dir='ltr'>iecerunt</span> <span class='ocrx_word' id='word_1_289' title='bbox 1035 3455 1103 3517; x_wconf 93' lang='lat' dir='ltr'>No-</span> 
     </span>
     <span class='ocr_line' id='line_1_38' title="bbox 80 3539 1105 3624; baseline -0.002 -18"><span class='ocrx_word' id='word_1_290' title='bbox 80 3546 137 3607; x_wconf 90' lang='lat' dir='ltr'>stri</span> <span class='ocrx_word' id='word_1_291' title='bbox 169 3545 304 3607; x_wconf 88' lang='lat' dir='ltr'>celeriter</span> <span class='ocrx_word' id='word_1_292' title='bbox 321 3562 418 3606; x_wconf 83' lang='lat' dir='ltr'>·arma</span> <span class='ocrx_word' id='word_1_293' title='bbox 444 3553 586 3624; x_wconf 87' lang='lat' dir='ltr'>ceperunt</span> <span class='ocrx_word' id='word_1_294' title='bbox 608 3560 722 3624; x_wconf 87' lang='lat' dir='ltr'>eosque</span> <span class='ocrx_word' id='word_1_295' title='bbox 740 3543 771 3605; x_wconf 91' lang='lat' dir='ltr'>in</span> <span class='ocrx_word' id='word_1_296' title='bbox 794 3541 888 3605; x_wconf 88' lang='lat' dir='ltr'>silvas</span> <span class='ocrx_word' id='word_1_297' title='bbox 909 3539 1105 3621; x_wconf 88' lang='lat' dir='ltr'>reppulerunt</span> 
     </span>
     <span class='ocr_line' id='line_1_39' title="bbox 81 3626 1104 3712; baseline -0.001 -20"><span class='ocrx_word' id='word_1_298' title='bbox 81 3640 113 3693; x_wconf 89' lang='lat' dir='ltr'>et</span> <span class='ocrx_word' id='word_1_299' title='bbox 135 3631 339 3711; x_wconf 89' lang='lat' dir='ltr'>compluribus</span> <span class='ocrx_word' id='word_1_300' title='bbox 366 3629 535 3693; x_wconf 82' lang='lat' dir='ltr'>interiectis·</span> <span class='ocrx_word' id='word_1_301' title='bbox 555 3630 673 3712; x_wconf 91' lang='lat' dir='ltr'>lougius</span> <span class='ocrx_word' id='word_1_302' title='bbox 694 3627 934 3710; x_wconf 88' lang='lat' dir='ltr'>impeditioribus</span> <span class='ocrx_word' id='word_1_303' title='bbox 957 3626 1031 3689; x_wconf 88' lang='lat' dir='ltr'>locis</span> <span class='ocrx_word' id='word_1_304' title='bbox 1053 3647 1104 3691; x_wconf 85' lang='lat' dir='ltr'>se-</span> 
     </span>
     <span class='ocr_line' id='line_1_40' title="bbox 82 3713 1147 3798; baseline -0.006 -20"><span class='ocrx_word' id='word_1_305' title='bbox 82 3717 143 3779; x_wconf 87' lang='lat' dir='ltr'>cuti</span> <span class='ocrx_word' id='word_1_306' title='bbox 163 3736 277 3798; x_wconf 88' lang='lat' dir='ltr'>paucos</span> <span class='ocrx_word' id='word_1_307' title='bbox 300 3736 337 3779; x_wconf 84' lang='lat' dir='ltr'>ox</span> <span class='ocrx_word' id='word_1_308' title='bbox 359 3716 421 3778; x_wconf 88' lang='lat' dir='ltr'>suis</span> <span class='ocrx_word' id='word_1_309' title='bbox 444 3717 684 3797; x_wconf 87' lang='lat' dir='ltr'>deperdiderunt.</span> <span class='ocrx_word' id='word_1_310' title='bbox 728 3715 867 3796; x_wconf 88' lang='lat' dir='ltr'>Reliquis</span> <span class='ocrx_word' id='word_1_311' title='bbox 883 3713 1021 3793; x_wconf 86' lang='lat' dir='ltr'>deinceps</span> <span class='ocrx_word' id='word_1_312' title='bbox 1037 3714 1147 3777; x_wconf 80' lang='lat' dir='ltr'>die-29</span> 
     </span>
     <span class='ocr_line' id='line_1_41' title="bbox 81 3799 1148 3881; baseline 0.001 -18"><span class='ocrx_word' id='word_1_313' title='bbox 81 3803 138 3865; x_wconf 89' lang='lat' dir='ltr'>bus</span> <span class='ocrx_word' id='word_1_314' title='bbox 160 3803 275 3866; x_wconf 80' lang='lat' dir='ltr'>Caesar</span> <span class='ocrx_word' id='word_1_315' title='bbox 295 3803 390 3867; x_wconf 84' lang='lat' dir='ltr'>silvas</span> <span class='ocrx_word' id='word_1_316' title='bbox 412 3806 537 3866; x_wconf 89' lang='lat' dir='ltr'>caedere</span> <span class='ocrx_word' id='word_1_317' title='bbox 559 3803 706 3877; x_wconf 89' lang='lat' dir='ltr'>instituit,</span> <span class='ocrx_word' id='word_1_318' title='bbox 730 3812 775 3876; x_wconf 89' lang='lat' dir='ltr'>et,</span> <span class='ocrx_word' id='word_1_319' title='bbox 798 3821 836 3863; x_wconf 93' lang='lat' dir='ltr'>ue</span> <span class='ocrx_word' id='word_1_320' title='bbox 859 3799 926 3881; x_wconf 92' lang='lat' dir='ltr'>quis</span> <span class='ocrx_word' id='word_1_321' title='bbox 941 3800 1104 3864; x_wconf 89' lang='lat' dir='ltr'>inermibus</span> <span class='ocrx_word' id='word_1_322' title='bbox 1117 3825 1148 3864; x_wconf 74' lang='lat' dir='ltr'>ao</span> 
     </span>
     <span class='ocr_line' id='line_1_42' title="bbox 81 3886 1103 3970; baseline 0 -21"><span class='ocrx_word' id='word_1_323' title='bbox 81 3888 381 3970; x_wconf 89' lang='lat' dir='ltr'>imprudentibusque</span> <span class='ocrx_word' id='word_1_324' title='bbox 403 3889 548 3953; x_wconf 86' lang='lat' dir='ltr'>militibus</span> <span class='ocrx_word' id='word_1_325' title='bbox 571 3891 612 3954; x_wconf 87' lang='lat' dir='ltr'>ab</span> <span class='ocrx_word' id='word_1_326' title='bbox 631 3888 728 3952; x_wconf 89' lang='lat' dir='ltr'>latere</span> <span class='ocrx_word' id='word_1_327' title='bbox 750 3889 881 3968; x_wconf 87' lang='lat' dir='ltr'>impetus</span> <span class='ocrx_word' id='word_1_328' title='bbox 903 3886 967 3948; x_wconf 88' lang='lat' dir='ltr'>fieri</span> <span class='ocrx_word' id='word_1_329' title='bbox 989 3895 1103 3968; x_wconf 81' lang='lat' dir='ltr'>posset.</span> 
     </span>
     <span class='ocr_line' id='line_1_43' title="bbox 82 3972 1105 4056; baseline 0 -19"><span class='ocrx_word' id='word_1_330' title='bbox 82 3993 201 4039; x_wconf 88' lang='lat' dir='ltr'>omnem</span> <span class='ocrx_word' id='word_1_331' title='bbox 230 3995 299 4039; x_wconf 87' lang='lat' dir='ltr'>eam</span> <span class='ocrx_word' id='word_1_332' title='bbox 326 3975 500 4051; x_wconf 89' lang='lat' dir='ltr'>materiam,</span> <span class='ocrx_word' id='word_1_333' title='bbox 534 3995 612 4056; x_wconf 89' lang='lat' dir='ltr'>quae</span> <span class='ocrx_word' id='word_1_334' title='bbox 639 3984 707 4040; x_wconf 89' lang='lat' dir='ltr'>erat</span> <span class='ocrx_word' id='word_1_335' title='bbox 728 3995 832 4048; x_wconf 88' lang='lat' dir='ltr'>caesa,</span> <span class='ocrx_word' id='word_1_336' title='bbox 865 3992 1042 4037; x_wconf 82' lang='lat' dir='ltr'>conversam</span> <span class='ocrx_word' id='word_1_337' title='bbox 1063 3972 1105 4037; x_wconf 78' lang='lat' dir='ltr'>ad</span> 
     </span>
    </p>
   </div>
   <div class='ocr_carea' id='block_1_3' title="bbox 0 0 1313 4492">
    <p class='ocr_par' dir='ltr' id='par_1_5' title="bbox 0 0 1313 4492">
     <span class='ocr_line' id='line_1_44' title="bbox 0 0 1313 4492; baseline 0 0"><span class='ocrx_word' id='word_1_338' title='bbox 0 0 1313 4492; x_wconf 95' lang='lat' dir='ltr'> </span> 
     </span>
    </p>
   </div>
  </div>
 </body>
</html>
