2616 4492
206 270 245 331 12
526 281 574 330 nu
595 281 713 331 nunno
738 281 891 330 osunrco

204 418 338 499 Tulingi,
362 417 413 498 qui
433 417 586 482 hominnm
608 419 727 482 milibus
749 418 866 481 eiroiter
887 431 937 478 xv
959 435 1067 496 agmen
1087 415 1222 480 hostium

203 505 385 568 claudebant
407 515 438 566 et
459 504 631 567 novissimis
653 505 803 586 praesidio
826 512 929 576 erant,
962 523 1000 564 ex
1026 503 1133 565 itinere
1160 523 1220 566 no-

204 601 283 654 stros
300 591 393 653 latere
414 599 519 670 aperto
542 592 677 672 adgressi
699 589 926 663 circumvenire,
949 597 980 650 et
1000 590 1032 651 id
1054 590 1222 669 conspicati

203 678 351 751 Helvetii,
387 677 489 758 quiin
512 686 642 738 montem
665 697 733 739 sese
753 683 942 756 receperant,
975 695 1078 737 rursus
1105 676 1223 738 instare

173 775 236 827 set
270 764 414 844 proelium
448 763 650 843 redintegrare
682 772 851 843 coeperunt.
909 761 1040 824 Romani
1071 781 1220 824 oouversa

204 851 291 931 signa
312 849 453 928 bipertito
475 849 654 911 intulerunt:
678 850 776 930 prima
798 857 828 909 et
845 849 975 910 secunda
990 848 1085 923 soles,
1108 857 1143 909 ut
1152 849 1221 910 vic-

203 937 243 997 tis
268 955 304 996 aa
329 934 484 996 summotis
504 935 674 1009 resisteret,
696 936 801 1007 tertia,
825 944 858 996 ut
873 934 1027 995 venientes
1045 935 1220 996 sustineret

160 1022 255 1083 uulsa
276 1021 397 1100 ancipiti
418 1021 532 1101 proelio
555 1022 605 1082 diu
628 1030 718 1101 atque
741 1022 849 1083 aeriter
870 1030 1033 1100 pugnatum
1057 1030 1111 1082 est.
1139 1021 1221 1082 Diu-

203 1107 265 1170 tius
288 1127 353 1168 uum
376 1107 523 1169 sustinere
545 1118 713 1169 nostrorum
735 1109 864 1187 impetus
888 1126 947 1168 non
968 1116 1108 1186 possent,
1131 1107 1221 1169 alteri

161 1216 190 1255 ro
205 1213 252 1268 se,
285 1201 320 1254 ut
347 1203 518 1273 coeperant,
551 1194 583 1255 iu
609 1206 740 1255 montem
763 1201 954 1273 receperunt,
988 1193 1075 1254 alteri
1098 1195 1136 1253 ad
1158 1193 1220 1255 im-

203 1279 375 1360 pedimenta
401 1289 431 1340 et
457 1298 558 1340 carros
585 1299 655 1341 suos
678 1300 711 1341 se
733 1279 930 1341 contuleruut
973 1279 1053 1341 Nam
1074 1279 1131 1340 hou
1152 1287 1218 1340 toto

203 1365 331 1446 proelio,
354 1385 420 1426 cum
442 1366 480 1426 ab
502 1365 578 1426 hora
599 1366 728 1445 septima
750 1367 789 1427 ad
811 1385 968 1446 vesperum
990 1374 1153 1444 pugnatum
1165 1365 1218 1437 sit,

203 1452 362 1514 abversum
378 1452 496 1513 hostem
518 1451 621 1512 videre
643 1471 730 1514 nemo
753 1453 859 1531 potuit
892 1450 944 1513 Ad
960 1451 1085 1512 multam
1100 1460 1219 1513 noetem

204 1538 294 1600 etiam
318 1539 357 1598 ad
378 1537 594 1617 impedimenta
615 1547 780 1618 pugnatum
802 1547 863 1610 est,
885 1548 1045 1616 propterea
1068 1537 1147 1615 quod
1162 1557 1220 1616 pro

160 1647 187 1686 rs
201 1625 282 1685 vallo
305 1642 404 1686 carros
428 1624 598 1685 obiecerant
620 1633 651 1685 et
673 1644 689 1686 e
711 1623 776 1685 loco
798 1623 1003 1702 superiorein
1025 1632 1145 1684 nostros
1160 1643 1219 1684 ve-

202 1710 318 1772 nientes
342 1710 403 1772 tela
425 1710 637 1783 conficiebant,
671 1720 703 1771 et
729 1710 862 1771 nonnulli
890 1710 969 1770 iuter
989 1728 1090 1771 carros
1113 1718 1221 1771 rotas-

203 1816 259 1877 que
284 1806 419 1858 mataras
442 1816 478 1857 au
500 1796 632 1876 tragulas
655 1797 853 1859 subiiciebant
874 1805 1052 1874 nostrosque
1072 1795 1217 1857 vulnera·-

202 1882 284 1944 bant.
329 1883 388 1944 Diu
411 1901 477 1943 cum
500 1891 582 1943 esset
603 1894 781 1962 pugnatum,
809 1881 1027 1960 impedimentis
1050 1881 1219 1961 castrisque

202 1969 298 2030 nostri
324 1969 411 2047 potiti
439 1977 517 2029 sunt
560 1968 608 2030 Ibi
635 1968 819 2049 Orgetorigis
842 1968 905 2030 filia
926 1976 1016 2048 atque
1039 1987 1115 2028 unus
1138 1988 1154 2029 e
1177 1969 1218 2029 fi-

159 2077 189 2116 ιο
203 2053 251 2116 liis
284 2063 389 2133 eaptus
423 2062 478 2114 est
522 2054 572 2114 Ex
604 2074 639 2115 eo
671 2055 784 2134 proelio
812 2055 927 2116 circiter
952 2054 1106 2116 hominurn
1134 2054 1220 2116 milia

203 2155 304 2204 cxxx
338 2142 547 2218 superfuerunt
573 2160 667 2220 eaque
695 2150 760 2202 tota
786 2150 872 2202 noete
894 2141 1080 2202 continenter
1101 2140 1218 2201 ierunt:

202 2227 315 2288 nnllam
339 2235 456 2305 partem
478 2226 574 2286 noetis
597 2225 702 2288 itinere
724 2227 893 2288 intermisso
909 2227 940 2291 in
955 2228 1029 2288 fines
1044 2226 1224 2306 Lingonum

202 2313 250 2374 die
273 2321 379 2392 quarto
402 2320 617 2391 pervenerunt,
646 2332 710 2374 eum
740 2322 771 2374 et
796 2322 918 2393 propter
943 2314 1067 2374 vulnera
1088 2313 1217 2375 rnilitum

37 2406 41 2413 '
110 2396 112 2401 ’
202 2407 234 2460 et
265 2409 387 2479 propter
419 2398 606 2477 sepulturam
639 2400 801 2461 occisorum
830 2399 924 2461 nostri
951 2400 1081 2461 triduum
1106 2399 1220 2461 morati

157 2510 187 2548 as
203 2504 254 2546 eos
277 2484 361 2564 sequi
384 2504 443 2546 non
464 2485 642 2564 potuissent.

268 2571 381 2632 Caesar
404 2572 443 2632 ad
463 2570 617 2650 Lingonas
639 2571 758 2633 litteras
781 2572 960 2650 nuntiosque
981 2570 1078 2645 misit,
1101 2590 1139 2631 ne
1162 2589 1217 2632 eos

201 2659 350 2719 frumento
373 2677 449 2719 neve
471 2657 532 2718 alia
546 2677 578 2718 re
592 2658 746 2719 iuvarent:
770 2658 820 2738 qui
836 2659 861 2718 si
875 2657 1038 2730 iuvissent,
1061 2677 1094 2718 se
1110 2658 1216 2718 eodem

201 2744 281 2816 loeo,
310 2764 368 2824 quo
395 2743 568 2817 Helvetios,
595 2743 775 2805 habiturum.
824 2745 894 2825 lpse
922 2743 1019 2804 triduo
1041 2743 1217 2805 intermisso

159 2834 268 2891 ticum
301 2831 437 2892 omnibus
470 2830 562 2908 oopiis
592 2850 643 2891 eos
672 2829 755 2910 sequi
777 2831 883 2910 eoepit.
927 2830 1060 2892 Helvetii
1083 2829 1216 2891 omnium

158 2941 187 2980 ao
202 2935 298 2977 rerum
332 2916 435 2994 inopia
468 2915 588 2978 adducti
620 2917 736 2996 legatos
764 2917 801 2978 de
828 2916 978 2978 deditione
1005 2918 1133 2978 adeum
1155 2915 1214 2976 mi-

202 3010 313 3065 serunt.
359 2999 418 3071 Qui
446 3021 511 3064 eum
539 3021 606 3062 eum
633 3003 664 3062 in
687 3002 792 3064 itinere
819 3003 1029 3066 convenissent
1055 2993 1146 3082 seque
1174 3003 1214 3063 ad

200 3090 292 3168 pedes
319 3089 511 3169 proiecissent
538 3088 766 3170 suppliciterque
792 3089 883 3151 locuti
904 3089 1011 3150 flentes
1033 3107 1136 3169 paoem
1157 3108 1215 3166 pe-

200 3175 325 3248 tissent,
349 3185 438 3255 atque
462 3195 512 3236 eos
534 3173 566 3235 iu
590 3195 624 3236 eo
647 3175 725 3249 loeo,
748 3195 806 3257 quo
829 3184 892 3237 tum
915 3183 1031 3247 essent,
1055 3194 1140 3236 suum
1156 3177 1215 3236 ad-

200 3271 324 3323 ventum
357 3271 529 3341 exspectare
562 3260 715 3335 iussisset,
753 3270 925 3341 paruerunt.
975 3261 1020 3322 Eo
1052 3270 1213 3341 postquam

157 3371 186 3411 es
201 3347 317 3409 Caesar
338 3348 491 3428 pervenit,
515 3347 650 3421 obsides,
674 3368 772 3418 arma,
796 3367 914 3419 servos,
938 3348 989 3427 qui
1011 3349 1050 3408 ad
1073 3367 1125 3409 eos
1140 3367 1213 3426 per-

200 3434 360 3515 fugissent,
384 3435 528 3514 poposoit.
564 3434 644 3495 Dum
668 3455 705 3496 ea
727 3433 938 3513 conquiruntur
961 3443 990 3494 et
1012 3436 1213 3508 conferuntur,

201 3530 286 3582 noete
319 3521 492 3583 intermissa
524 3520 640 3582 eireiter
671 3520 823 3582 hominum
851 3519 933 3580 milia
961 3540 1014 3581 sex
1042 3521 1104 3582 eius
1127 3521 1214 3599 pagi,

201 3606 251 3687 qui
271 3607 458 3685 Verbigenus
481 3606 661 3686 appellatur,
691 3607 755 3666 sive
778 3607 882 3666 timore
904 3607 1070 3685 perterriti,
1099 3626 1136 3667 ne
1159 3625 1213 3667 ar·-

199 3692 256 3752 mis
289 3693 407 3753 traditis
441 3693 585 3773 supplicio
618 3693 824 3765 adficerentur,
859 3693 922 3753 sive
950 3714 1002 3772 spe
1030 3694 1136 3755 salutis
1162 3693 1214 3755 iu·-

156 3801 185 3840 ro
200 3777 294 3848 ducti,
329 3780 406 3856 quod
434 3780 464 3840 iu
491 3788 578 3840 tanta
605 3778 794 3840 multitudine
822 3779 1026 3841 dediticiorum
1055 3799 1139 3841 suam
1161 3782 1213 3842 lu-

200 3883 268 3944 gam
290 3872 343 3924 aut
365 3864 504 3926 occultari
528 3876 580 3926 aut
603 3865 723 3927 omnino
744 3866 874 3944 ignorari
888 3885 978 3944 posse
993 3867 1212 3942 existimarent,

198 3950 296 4030 prima
328 3959 414 4012 noete
446 3971 462 4012 e
495 3952 601 4013 eastris
634 3952 838 4014 Helvetiorum
866 3953 978 4032 egressi
1005 3956 1045 4014 ad
1072 3954 1212 4015 Rhenum
