2616 4492
415 271 484 321 am.
500 272 548 321 vr.
570 271 647 321 car.
661 255 778 321 8—12.
1060 256 1102 323 95

86 429 164 491 quae
186 410 243 473 sub
266 430 366 473 eornm
388 410 450 473 sint
470 411 611 491 imperio,
639 411 831 486 denuntiare,
854 418 889 472 ut
911 411 1026 474 auxilia
1045 433 1103 494 pe-

86 496 201 559 ditatus
224 497 434 579 equitatusque
456 497 587 560 mittant.
631 497 688 570 His
711 497 835 578 cognitis
855 497 944 559 rebus
960 519 1022 560 rem
1037 501 1102 563 fru-

85 583 265 665 mentariam
287 583 441 665 providet,
465 584 574 646 castris
595 583 735 645 idoneum
757 584 853 645 locum
874 584 991 664 deligit3
1014 585 1102 649 Ubiis

84 669 228 749 imperat,
263 680 297 730 ut
329 689 437 751 peoora
470 671 619 732 deducant
646 690 758 751 suaque
785 670 887 731 omnia
909 690 945 731 ex
967 671 1047 751 agris
1070 673 1102 735 in

85 756 198 835 oppida
225 758 394 831 conferant,
428 775 554 836 sperans
582 757 727 819 barbaros
755 765 846 836 atque
867 756 1020 836 imperitos
1043 758 1129 820 lio-s

84 841 180 903 mines
212 842 315 922 inopia
348 843 525 904 cibariorum
553 844 696 905 adductos
725 844 764 904 ad
792 842 926 923 iniquam
947 845 1101 924 pugnandi

84 927 287 990 condicionem
319 948 409 1009 posse
437 929 557 1002 deduci;
591 931 732 1004 mandat,
760 937 794 990 ut
815 924 934 990 crebros
958 929 1100 1009 explora-

86 1023 166 1077 tores
194 1014 225 1075 in
253 1013 371 1077 Suevos
399 1014 523 1077 mittant
549 1034 685 1096 quaeque
708 1017 789 1095 apud
811 1034 861 1076 eos
884 1025 1026 1095 gerantur
1048 1037 1101 1079 co·

86 1109 239 1180 gnoscant.
267 1101 317 1163 Illi
338 1101 488 1182 imperata
508 1102 623 1163 iaciunt
645 1110 675 1163 et
696 1101 799 1182 paucis
823 1101 926 1163 diebus
948 1101 1101 1166 intermis-

84 1186 128 1249 sis
161 1187 294 1249 referunt
321 1187 438 1250 Suevos
466 1206 584 1260 omncs,
617 1195 816 1268 posteaquam
838 1187 980 1250 certiores
1003 1190 1101 1252 nuntii
1120 1217 1145 1255 m

84 1273 122 1334 de
144 1274 277 1335 exercitu
298 1273 504 1336 Romanorum
526 1275 677 1347 venerint,
706 1293 772 1335 oum
795 1274 933 1335 omnibus
956 1275 1018 1338 suis
1046 1295 1100 1339 so·

84 1358 255 1440 ciorumqus
282 1360 391 1440 copiis,
425 1380 500 1441 quas
528 1360 712 1440 coegissent,
744 1360 865 1440 penitus
888 1361 927 1421 ad
949 1370 1101 1426 extremos

83 1445 159 1507 lines
187 1465 220 1508 se
247 1447 394 1527 recepisse
401 1465 410 1520 ;
444 1446 551 1508 silvam
580 1466 648 1508 esse
675 1446 717 1508 ibi
738 1446 857 1508 infinita
878 1447 1099 1526 magnitudine,

82 1550 161 1611 quae
188 1532 359 1612 appellatur
384 1533 529 1606 Bacenis3
562 1533 641 1594 hanc
668 1532 755 1612 longe
782 1533 931 1594 introrsus
952 1535 1101 1612 pertinere

83 1626 114 1679 ct
143 1637 197 1698 pro
225 1618 330 1701 nativo
358 1637 442 1679 muro
466 1618 612 1680 obiectam
635 1618 802 1680 Cheruscos
825 1620 864 1680 ab
888 1617 996 1680 Suavis
1020 1619 1100 1683 Suc·
1119 1646 1144 1686 rs

83 1723 198 1784 vosque
230 1705 269 1765 ab
298 1703 457 1766 Cheruscis
485 1704 601 1766 iniuriis
623 1704 903 1783 incursionibusque
924 1706 1100 1785 prohibere;
1143 1709 1145 1713 ’

82 1790 123 1850 ad
150 1789 212 1851 eius
234 1789 356 1851 initium
376 1790 471 1851 silvae
494 1790 610 1852 Suevos
633 1791 796 1852 adventum
817 1790 1024 1855 Romanorum
1046 1812 1101 1855 ex-

80 1883 219 1956 spectare
242 1875 444 1938 constituisse.

147 1959 299 2032 Quoniam
322 1963 361 2023 ad
382 1962 463 2023 hunc
484 1962 582 2024 locum
602 1970 777 2042 perventum
801 1970 863 2037 est,
887 1981 947 2024 non
969 1963 1100 2026 alienum
1110 1965 1140 2014 11

83 2067 151 2109 esse
182 2047 301 2110 videtur
333 2050 370 2109 de
403 2047 524 2110 Galliae
557 2047 798 2127 Germaniaeque
824 2048 955 2111 moribus
984 2060 1015 2112 et
1041 2070 1098 2131 quo
1112 2070 1143 2109 ro

81 2133 222 2196 differant
243 2135 300 2196 hae
323 2135 461 2197 nationes
483 2135 651 2211 interpam
672 2153 849 2214 proponere.

145 2222 181 2282 In
209 2219 311 2283 Gallia
338 2241 398 2283 non
426 2221 522 2283 solnm
544 2214 737 2284 in'omnibus
760 2220 932 2283 civitatibus
956 2230 1046 2300 atque
1067 2221 1100 2283 in

80 2307 219 2368 omnibus
246 2308 347 2389 pagis,
377 2309 430 2370 sed
451 2328 548 2387 paene
570 2307 661 2369 etiam
684 2306 808 2387 singulis
831 2306 968 2369 domibus
990 2307 1099 2370 factio·

38 2473 39 2477 Ἰ
81 2413 135 2455 nes
158 2403 244 2468 sunt,
268 2413 430 2475 earumque
452 2395 614 2457 lactionum
634 2393 784 2475 principes
800 2403 872 2455 sunt
886 2393 937 2473 qui
952 2413 1100 2457 summam

81 2480 291 2542 auctoritatem
320 2500 423 2542 eorum
450 2481 559 2543 iudicio
586 2481 696 2542 habere
719 2480 940 2554 existimantur,
974 2499 1099 2560 quorum
1112 2502 1142 2543 aa

81 2568 122 2627 ad
154 2565 311 2628 arbitrium
338 2567 538 2647 indiciumque
566 2587 685 2629 summa
712 2566 844 2628 omnium
871 2585 971 2628 rerum
997 2565 1099 2628 consi-

79 2652 245 2731 liorumque
266 2654 378 2714 redeat.
421 2653 529 2734 Itaque
552 2653 616 2715 eius
640 2653 684 2715 rei
705 2672 799 2714 causa
819 2653 986 2734 antiquitus
1008 2652 1100 2714 insti-

80 2747 178 2799 tutum
200 2738 328 2812 videtur,
351 2757 389 2798 nc
412 2739 478 2818 quis
502 2739 647 2819 explebe
669 2747 775 2800 contra
795 2740 993 2818 potentiorem
1010 2739 1099 2800 auxi-

80 2823 114 2884 lii
135 2831 247 2902 egeret:
270 2842 341 2884 snos
364 2823 444 2885 enirn
465 2824 591 2905 quisque
614 2825 740 2905 opprimi
763 2834 793 2887 et
814 2824 1019 2886 circumveniri
1038 2845 1099 2888 non

80 2907 206 2988 patitur,
229 2913 340 2988 nsque,
364 2906 452 2970 aliter
467 2910 493 2970 si
507 2911 610 2983 faciat,
633 2911 725 2972 ullam
738 2911 819 2972 inter
833 2930 903 2973 suos
918 2911 1012 2972 habet
1024 2931 1098 2974 auc-
1115 2926 1142 2965 ³0

81 2992 243 3054 toritatem.
287 2993 372 3054 Haeo
399 2995 503 3056 eadem
530 2997 608 3058 ratio
637 3006 684 3057 est
709 2997 742 3058 in
764 3016 881 3058 summa
903 2997 995 3058 totius
1019 2996 1098 3059 Gal-

80 3080 152 3140 liae:
177 3098 304 3160 namque
327 3097 431 3140 omues
452 3079 591 3142 civitates
613 3082 646 3143 in
667 3092 771 3162 partes
794 3082 910 3144 divisae
926 3092 998 3143 sunt
1012 3084 1098 3144 duas.

78 3165 157 3227 (lum
186 3164 358 3227 Caesario
386 3163 518 3226 Galliam
541 3167 641 3240 venit,
670 3166 795 3229 alterius
821 3168 961 3230 iectionis
984 3167 1142 3247 princi-12

79 3271 135 3333 pes
165 3260 252 3314 erant
277 3251 393 3324 Aedui,
422 3251 544 3314 alterius
568 3251 710 3332 Sequani.
754 3254 796 3315 Hi
819 3273 885 3316 cunr
907 3273 960 3333 per
983 3273 1016 3315 se
1037 3253 1098 3315 mi-

80 3359 137 3400 nus
170 3337 324 3413 valerent,¹
356 3339 436 3418 quod
463 3357 582 3401 summa
603 3339 767 3400 auctoritas
791 3340 957 3421 antiquitus
981 3339 1140 3407 eratineo

78 3425 195 3487 Aeduis
217 3443 403 3506 magnaeque
425 3444 527 3486 eorum
550 3434 637 3487 erant
659 3424 832 3501 clientelae,
857 3425 1025 3487 Germanos
1048 3434 1098 3489 at·

78 3531 138 3592 que
169 3510 359 3574 Ariovistum
392 3511 450 3572 sibi
483 3511 682 3573 adiunxerant
715 3531 825 3593 cosque
854 3513 894 3573 ad
921 3531 955 3572 se
981 3511 1098 3592 magnis

80 3599 204 3660 iacturis
237 3597 565 3678 pollicitationibusque
597 3599 809 3679 perduxerant.
864 3598 993 3659 Proeliis
1026 3617 1099 3661 vero

80 3684 280 3764 compluribus
302 3683 391 3745 factis
415 3685 555 3746 secundis
579 3694 670 3765 atque
692 3686 773 3747 omni
795 3684 954 3746 nobilitate
970 3683 1098 3746 Aeduo-

79 3789 143 3831 rum
165 3771 324 3832 interfecta
345 3779 463 3832 tantum
485 3771 623 3850 potentia
643 3780 885 3843 antecesserant,
909 3779 943 3831 nt
958 3789 1098 3852 magnam
1111 3796 1141 3835 so

79 3865 196 3935 partem
219 3855 371 3918 clientium
395 3857 432 3918 ab
455 3855 572 3919 Aeduis
595 3859 689 3919 adse
712 3860 943 3920 transducerent
958 3857 1096 3919 obsides-

79 3960 137 4021 que
169 3943 209 4007 ab
240 3943 278 4005 iis
310 3943 478 4023 principum
505 3943 583 4005 filios
612 3943 783 4024 acciperent
805 3955 836 4007 et
856 3943 976 4025 publice
998 3943 1096 4007 iurare
