2616 4492
394 297 465 345 nm.
480 298 502 346 1.
525 297 602 345 car.
616 280 756 344 ‹to-44.
1041 279 1083 344 a}

65 455 114 509 se,
148 454 187 498 ne
213 455 267 517 per
292 436 418 498 insidias
440 437 479 498 ab
502 456 538 498 eo
561 435 839 500 circumveniretur:
871 442 995 518 uterque
1017 454 1086 500 cnm

66 522 203 602 equitatu
235 523 367 584 veniret:
402 523 463 585 alia
494 524 611 586 ratione
644 543 712 586 sese
737 541 800 584 non
827 540 895 583 esse
917 531 1084 584 venturum.

65 609 189 681 Caesar,
223 610 303 688 quod
335 629 431 690 neque
463 610 651 691 conloquium
684 607 863 689 interposita
895 626 989 672 causa
1020 607 1085 673 tolli

64 695 189 756 volebat
215 714 312 775 neque
335 696 464 757 salutem
488 715 573 758 suam
597 695 754 758 Gallorum
776 694 924 775 equitatui
945 695 1084 756 commit-

65 789 130 842 tere
152 781 298 853 audebat,
326 782 599 844 commodissimum
623 801 689 844 esse
709 781 818 843 statuit
839 781 978 843 omuibus
999 780 1112 861 equiss

65 866 166 928 Gallis
200 868 350 948 equitibus
378 868 522 930 detractis
550 887 583 930 eo
611 869 790 949 legionarios
818 867 931 929 milites
957 867 1084 949 legionis

64 954 214 1028 decimae,
238 954 284 1015 cui
300 974 389 1034 quam
404 955 533 1016 maxime
549 956 733 1029 confidebat,
756 954 922 1033 imponere,
945 961 1083 1034 utprae-

64 1040 174 1103 sidium
197 1059 287 1119 quam
310 1041 539 1116 amicissimum,
563 1041 683 1122 siquid
706 1060 781 1120 opus
803 1041 883 1101 lacto
906 1049 1000 1114 esset,
1023 1040 1083 1102 ha-

63 1126 158 1188 beret.
203 1124 293 1195 Quod
315 1146 382 1187 cum
403 1128 504 1200 fieret,
528 1147 589 1188 nou
610 1127 765 1189 inridicule
787 1126 909 1207 quidam
925 1146 963 1188 ex
977 1126 1082 1189 militi-

62 1212 121 1273 bus
149 1213 281 1274 decimae
308 1213 433 1293 legionis
462 1214 551 1275 dixit:
580 1214 664 1294 plus,
699 1233 789 1293 quam
811 1213 961 1293 pollicitus
985 1222 1081 1287 esset,
1097 1231 1131 1270 ιο.

64 1297 226 1360 Caesarem
249 1300 276 1360 ei
297 1301 408 1361 lacere:
442 1300 623 1380 pollicitum,
653 1320 686 1362 se
707 1300 739 1361 in
761 1299 892 1360 cohortis
913 1299 1082 1379 praetoriae

62 1384 127 1446 loco
151 1386 296 1447 decimam
319 1385 464 1466 legionem
486 1387 675 1462 habitumm,
700 1387 739 1447 ad
762 1405 870 1466 equum
893 1385 1066 1447 rescribere.

127 1471 275 1533 Planities
304 1482 370 1533 erat
392 1492 502 1553 magna
525 1483 556 1535 et
576 1474 608 1534 iu
631 1493 667 1533 ea
689 1472 822 1534 tumulus
845 1480 981 1533 terrenus
1004 1470 1125 1533 satis43

61 1558 192 1637 grandis.
237 1558 296 1620 Hic
319 1558 401 1620 locus
424 1578 519 1639 aequo
542 1561 605 1620 iere
628 1559 726 1639 spatio
750 1558 789 1620 ab
810 1557 918 1619 castris
932 1555 1081 1619 Ariovisti

61 1653 94 1704 et
115 1643 256 1705 Caesaris
279 1645 393 1706 aberat.
436 1645 500 1719 Eo,
528 1654 564 1705 ut
586 1654 652 1706 erat
673 1645 800 1717 dictum,
830 1644 869 1704 ad
891 1643 1080 1724 conloquium
1095 1662 1123 1701 rs

59 1740 218 1790 venerunt,
261 1730 423 1809 Legionem
446 1730 570 1804 Caesar,
593 1750 684 1810 quam
707 1731 791 1810 equis
812 1738 955 1802 vexerat,
977 1729 1081 1808 passi·

59 1816 118 1875 bus
141 1815 278 1877 ducentis
301 1816 340 1877 ab
363 1835 398 1877 eo
420 1817 536 1878 tumulo
559 1816 723 1877 constituit.
757 1816 834 1876 Item
857 1814 1081 1895 equitesArio-

59 1901 133 1962 visti
165 1901 232 1980 pari
259 1902 420 1964 intervallo
448 1903 655 1964 constiterunt.
704 1901 896 1975 Ariovistus,
930 1920 968 1963 ex
995 1902 1080 1983 equis

59 1997 96 2047 ut
129 1986 377 2068 conloquerentur
404 1998 435 2050 et
460 1999 579 2068 praeter
601 2008 634 2050 se
656 1990 748 2050 denos
771 1996 805 2050 ut
827 1989 867 2049 ad
889 1988 1078 2069 conloquium

59 2074 258 2149 adducerent,
281 2075 456 2155 postulavit
492 2075 553 2137 Ubi
575 2094 610 2136 eo
632 2081 756 2136 veutu‘m
779 2083 840 2150 est,
864 2073 979 2136 Cacsar
992 2075 1078 2138 initio
1092 2094 1122 2132 ro

59 2159 205 2221 orationis
228 2181 285 2222 sua
306 2169 490 2241 senatusque
511 2162 543 2223 in
566 2181 632 2223 eum
654 2161 798 2223 beneficia
818 2162 1077 2237 commemoravit,

59 2248 140 2327 quod
162 2266 215 2307 rex
236 2248 406 2327 appellatus
429 2257 511 2309 esset
532 2268 552 2309 a
574 2257 695 2322 senatu,
730 2249 810 2329 quod
833 2247 961 2320 amicus,
997 2249 1078 2327 quod

58 2352 185 2394 munera
206 2333 391 2413 amplissime
413 2335 522 2408 missa3
545 2354 636 2414 quam
658 2353 721 2395 rem
744 2342 775 2396 et
795 2334 900 2414 paucis
916 2329 1077 2414 contigisse

59 2427 97 2492 et
117 2439 170 2498 pro
193 2421 309 2499 maguis
332 2421 485 2482 hominum
509 2421 613 2482 ciliciis
636 2440 797 2482 consuesse
819 2420 910 2481 tribui
932 2421 1075 2495 docebat3

56 2505 156 2579 illum,
180 2523 246 2566 cum
268 2527 365 2586 neque
387 2508 502 2569 aditum
525 2526 622 2587 neque
638 2527 761 2568 causam
776 2505 949 2586 postulandi
963 2506 1076 2568 iustam
1090 2526 1119 2564 rs

55 2592 195 2667 haberet,
218 2593 360 2654 beneficio
383 2613 419 2654 ac
441 2594 623 2657 liberalitato
643 2614 702 2655 sua
724 2613 759 2654 ac
782 2601 905 2654 senatus
927 2612 964 2653 ea
983 2612 1076 2672 prae·

56 2677 119 2739 mia
140 2688 340 2743 consecutum.
384 2681 522 2741 Docebat
545 2681 650 2752 etiam,
675 2699 766 2759 quam
788 2688 907 2740 veteres
928 2697 1076 2760 quamque

55 2765 155 2826 iustae
188 2784 297 2826 causae
324 2766 553 2827 necessitudinis
580 2766 654 2846 ipsis
678 2785 743 2827 cum
765 2764 882 2827 Aeduis
904 2764 1075 2827 intercede·

55 2860 139 2925 rent,
173 2870 250 2931 quae
284 2852 547 2913 senatusconsulta
575 2852 712 2933 quotiens
739 2871 888 2931 quamque
909 2851 1075 2914 honorifica

55 2937 88 2998 in
112 2957 162 2998 eos
184 2939 265 2998 lacta
288 2947 405 3012 essent,
429 2946 464 2998 ut
485 2939 565 2999 omni
587 2949 722 3017 tempore
744 2939 837 2999 totius
854 2937 973 2999 Galliae
987 2939 1074 3018 prin-
1088 2959 1117 2997 co

54 3023 188 3103 cipatum
210 3023 312 3084 Aedui
326 3024 510 3096 tenuissent,
532 3025 616 3103 prius
632 3025 723 3085 etiam
740 3043 829 3104 quam
844 3032 979 3084 nostram
995 3025 1073 3086 ami·-
1109 3074 1111 3079 .

54 3111 157 3172 citiam
180 3109 375 3189 adpetissent.
420 3109 529 3189 Populi
555 3108 686 3170 Romani
712 3111 792 3170 banc
820 3129 886 3170 esso
909 3118 1072 3171 consuetu-

54 3196 171 3271 dinem,
195 3206 230 3257 ut
252 3197 348 3259 socios
371 3204 462 3276 atque
485 3195 596 3256 amicos
618 3215 679 3257 non
700 3197 788 3257 modo
811 3195 858 3256 sui
877 3195 950 3255 nihil
966 3197 1072 3275 deper-

53 3285 141 3355 dere,
165 3285 218 3343 sed
240 3283 352 3362 gratia,
387 3282 548 3361 dignitate,
581 3281 695 3342 honore
724 3281 870 3342 auctiores
892 3281 967 3342 velit
989 3301 1070 3344 esse:

53 3370 134 3449 quod
167 3388 240 3429 vero
273 3371 313 3430 ad
345 3369 507 3430 amicitiam
534 3367 638 3447 populi
665 3367 796 3428 Romani
818 3365 1007 3440 attulissent,
1040 3367 1071 3431 id
1085 3389 1113 3427 as

52 3457 92 3518 iio
126 3455 200 3534 eripi
227 3455 294 3536 quis
321 3456 386 3535 pati
407 3454 531 3535 posset?
574 3453 748 3516 Postulavit
770 3455 889 3527 eadem,
919 3471 996 3532 quaa
1022 3453 1070 3516 le·
1168 3454 1172 3460 ’

53 3541 133 3622 gatis
155 3541 187 3602 in
209 3542 360 3603 mandatis
384 3544 521 3616 dederat,
545 3560 583 3602 nc
605 3550 659 3601 aut
681 3540 798 3602 Aeduis
821 3548 875 3600 aut
898 3557 1001 3601 eorum
1016 3559 1070 3603 so-

52 3628 107 3690 ciis
130 3628 241 3689 bellum
264 3627 402 3702 inferrem
436 3629 557 3689 obsides
583 3628 735 3700 radderct;
764 3627 790 3687 si
817 3624 930 3687 nullam
951 3636 1070 3707 partem

52 3713 271 3780 Germanorum
305 3716 425 3777 domum
453 3715 605 3776 remittere
627 3721 745 3794 posset,
779 3722 812 3774 at
838 3730 876 3774 nc
903 3729 978 3792 quos
1001 3732 1069 3776 am-

51 3801 131 3882 plius
153 3801 293 3861 Rhenum
315 3801 446 3863 transire
467 3810 630 3881 pateretur.
1083 3821 1112 3860 so

116 3886 291 3948 Ariovistus
314 3889 353 3949 ad
375 3889 531 3967 postulata
553 3887 693 3949 Caesaris
716 3905 813 3968 pauca
834 3886 1003 3968 respondit,
1032 3889 1113 3951 dc44

50 3973 115 4035 suis
130 3968 299 4036 ‘mantibus
312 3974 417 4036 'multa
438 3973 640 4054 praedicavit:
664 3974 825 4037 Transisse
846 3973 987 4037 Rhenum
1001 3993 1069 4037 scae
