2616 4492
403 303 473 351 um.
488 304 553 351 1111.
575 304 652 352 car.
666 289 785 352 4-11.
1067 288 1111 355 to

91 443 177 516 dere,
211 441 319 523 quibus
346 460 384 503 ne
412 443 454 504 dii
481 444 600 525 quidem
626 444 814 507 immortales
836 461 927 523 pares
949 461 1017 506 esse
1037 462 1112 524 pos·

91 536 174 590 sent:
197 528 342 608 reliquum
365 528 485 609 quidem
506 531 539 590 iu
561 531 650 593 terris
673 549 741 592 esse
763 528 924 603 nemiuem,
948 548 1037 610 quem
1050 548 1112 593 non

90 633 234 694 superare
261 614 389 694 possint
432 615 486 677 Ad
511 617 588 678 haec
615 636 691 697 quae
718 616 817 678 visum
845 624 893 677 est
922 615 1039 678 Caesar
1059 630 1138 682 re·8

89 701 227 781 spondit3
262 701 316 762 sed
349 701 448 762 exitus
474 703 532 763 fuit
553 703 713 764 orationis:
749 701 815 764 Sibi
840 702 953 763 nullam
976 721 1041 765 cum
1062 702 1111 765 bis

90 787 254 848 amicitiam
277 805 345 848 esse
367 806 471 866 posse,
495 789 521 849 si
543 789 574 850 in
597 788 700 851 Gallia
714 797 923 862 remanerent;
944 806 1041 869 neque
1055 806 1143 860 vau

88 892 155 935 rum
178 892 260 947 esse,
284 872 335 954 qui
359 893 430 935 suos
452 875 526 936 lines
549 876 628 936 tueri
650 895 710 936 non
732 874 902 955 potuerint,
926 874 1041 937 alienos
1057 892 1111 937 oc·

89 977 216 1039 cupare3
238 977 334 1039 neque
357 959 435 1021 ullos
457 961 489 1021 in
511 960 615 1023 Gallia
635 980 744 1023 vacare
760 980 864 1042 agros,
887 960 940 1040 qui
954 961 1023 1023 dari
1037 969 1111 1023 tan·

88 1052 140 1106 ta'e
161 1045 341 1125 praesertim
363 1046 547 1109 multitudini
569 1048 634 1109 sinc
655 1047 765 1110 iniuria
786 1048 922 1128 possint3
944 1048 998 1109 sed
1012 1047 1111 1123 licere,

89 1131 116 1192 si
138 1131 247 1204 velint,
275 1131 307 1192 in
329 1132 476 1194 Ubiorum
498 1134 607 1196 finibus
629 1134 800 1207 considere,
830 1152 956 1214 quorum
978 1133 1041 1196 sint
1061 1133 1109 1197 le-

88 1218 152 1297 gati
180 1218 261 1297 apud
290 1236 322 1278 se
351 1226 382 1278 et
404 1219 441 1280 de
468 1218 634 1281 Suevorum
656 1220 773 1282 iniuriis
797 1228 961 1300 querantur
983 1228 1014 1280 et
1035 1239 1055 1280 a
1076 1239 1109 1282 se
1123 1250 1152 1291 η

88 1303 234 1365 auxilium
256 1311 378 1383 petant:
401 1306 458 1366 hoc
480 1325 512 1367 se
533 1307 620 1368 Ubiis
641 1307 869 1386 imperaturum.
905 1305 1013 1386 Legati
1033 1305 1135 1371 haece

87 1408 122 1450 se
144 1389 183 1450 ad
210 1408 282 1450 suos
304 1390 454 1452 relaturos
477 1393 618 1454 dixerunt
639 1403 670 1454 et
693 1413 725 1454 re
747 1393 914 1454 deliberata
935 1400 1006 1471 post
1027 1390 1108 1454 diem

86 1476 209 1537 tertium
243 1477 283 1537 ad
310 1475 473 1538 Caesarem
502 1497 693 1552 reversuros3
725 1479 841 1540 interea
869 1496 907 1538 ue
928 1476 1052 1558 propius
1074 1496 1108 1540 se

86 1571 191 1623 castra
217 1572 367 1637 moveret,
400 1565 560 1642 petierunt.
610 1565 657 1627 Ne
680 1565 711 1627 id
734 1566 853 1645 quidem
876 1563 991 1625 Caesar
1013 1564 1052 1625 ab
1074 1582 1107 1626 ae

85 1648 242 1728 impetrari
268 1667 359 1728 posse
382 1649 465 1711 dixit.
511 1650 702 1730 Cognoverat
724 1652 803 1712 enim
826 1668 967 1730 magnam
988 1659 1107 1729 partem
1126 1672 1151 1713 re

86 1734 239 1814 equitatus
273 1735 312 1794 ab
338 1735 376 1795 iis
410 1737 526 1816 aliquot
552 1737 658 1798 diebus
685 1746 756 1797 ante
783 1735 949 1817 praedandi
971 1737 1107 1798 lrurnen·

85 1819 231 1900 tandique
263 1838 355 1881 causa
387 1822 427 1882 ad
458 1821 667 1884 Ambivaritos
701 1831 784 1884 trans
812 1823 933 1883 Mosam
964 1823 1105 1884 missamt

84 1906 141 1966 hos
164 1906 334 1985 exspectari
356 1907 471 1986 equites
494 1917 585 1989 atque
607 1909 670 1970 eius
693 1909 736 1970 rei
758 1927 851 1970 causa
873 1926 990 1970 moram
1010 1907 1107 1971 inter·

84 1991 157 2072 poni
179 1991 391 2053 arbitrabatur.

149 2079 240 2139 Mosa
271 2079 395 2158 profluit
426 2098 463 2140 ex
496 2088 598 2141 monte
625 2080 762 2161 Vosego,
796 2038 848 2161 qui
875 2089 923 2142 est
942 2079 974 2142 in
996 2077 1123 2145 limbus
1115 2081 1149 2135 1⁰

84 2164 267 2246 Lingonum,
292 2173 323 2226 et
343 2173 430 2245 parte
452 2168 583 2247 quadam
605 2186 643 2227 ex
664 2167 772 2229 Rheno
795 2175 931 2257 recepta,
954 2184 1031 2245 quae
1046 2184 1104 2246 ap·
1119 2187 1143 2226 rr

84 2251 215 2330 pellatur
242 2251 377 2313 Vacalus
398 2252 588 2334 insulamque
610 2254 699 2315 efficit
720 2248 958 2326 Batavorum,
949 2272 982 2314 ιιι
1005 2250 1105 2314 Occa-

84 2356 155 2398 num
189 2337 302 2410 influit,
337 2357 433 2418 neque
460 2340 578 2420 longius
607 2340 646 2401 ab
672 2338 794 2402 Oceano
817 2340 937 2401 milibus
958 2356 1104 2419 passuum

84 2439 187 2484 cxxx
215 2424 247 2485 in
274 2383 413 2487 Rhenum
440 2426 548 2487 influit.
592 2426 719 2488 Rhenus
743 2436 843 2488 autem
866 2426 961 2488 oritur
982 2444 1020 2486 ex
1040 2424 1103 2486 Le-

83 2510 212 2588 pontiis,
246 2511 297 2591 qui
330 2511 428 2591 Alpes
461 2512 610 2587 incolunt,
646 2522 677 2574 et
709 2513 797 2594 longo
825 2512 924 2592 spatio
951 2511 1103 2591 perfines
1117 2532 1146 2572 ιι

83 2596 300 2671 Nantuatium,
328 2597 551 2671 Helvetiomm‚
581 2597 804 2680 Sequanorum,
827 2598 1102 2672 Mediomatrieum‚

83 2683 293 2754 Tribocorum,
327 2683 529 2746 Treverorum
561 2684 672 2746 citatus
698 2687 792 2747 fertur
820 2695 866 2758 et,
898 2684 950 2746 ubi
983 2682 1103 2746 Oceano

83 2767 352 2847 adpropinquavit,
385 2769 418 2828 in
450 2769 551 2848 plures
579 2772 683 2833 defluit
708 2781 814 2852 partes
841 2771 943 2832 multis
970 2769 1102 2850 iugenti-

82 2855 200 2931 busque
221 2852 328 2913 insulis
352 2854 479 2928 effectis,
503 2874 628 2935 quarum
650 2877 722 2936 pars
745 2876 856 2938 magna
869 2876 889 2918 a
902 2856 974 2918 feris
988 2857 1102 2918 barba-

83 2939 185 3019 risque
218 2937 391 2999 nationibus
423 2901 569 3015 inoblitur,
604 2962 642 3003 ex
668 2942 775 3024 quibus
804 2953 875 3005 sunt
897 2943 948 3024 qui
968 2943 1100 3042 piscibus
1116 2960 1144 2999 ao

83 3032 174 3105 atque
206 3023 273 3085 ovis
301 3024 402 3085 arium
428 3024 531 3087 vivere
553 3027 774 3102 existimantur,
807 3029 968 3109 multisque
990 3027 1100 3108 capiti-

82 3110 170 3173 bus
161 3130 193 3171 ιιι
217 3108 371 3172 Oceanum
393 3110 499 3172 influit.

148 3197 350 3259 Caesareum
373 3198 411 3258 ab
433 3197 522 3258 hoste
545 3216 605 3257 non
627 3200 755 3278 amplius
777 3217 921 3279 passuum
943 3213 998 3259 xm
1018 3196 1142 3262 mili-11

81 3285 138 3346 bus
167 3284 305 3358 abesset,
335 3292 370 3344 ut
396 3293 462 3345 erat
483 3283 692 3360 constitutum,
728 3287 768 3347 ad
795 3304 861 3346 eum
882 3284 975 3365 legati
996 3302 1101 3346 rever·

81 3380 202 3444 tuntur3
236 3370 287 3450 qui
318 3369 350 3430 iu
383 3370 490 3432 itinere
517 3371 668 3449 congressi
690 3390 885 3452 magnopere,
919 3389 957 3432 ne
984 3368 1101 3450 longius
1118 3396 1146 3437 as

81 3458 322 3538 progrederetur,
346 3457 482 3518 orabant.
526 3456 604 3518 Cum
626 3457 658 3519 id
680 3477 739 3519 non
758 3458 987 3537 impetrassent,
1014 3464 1101 3537 pete-

82 3545 171 3617 bant,
194 3543 240 3604 uti
262 3543 301 3604 ad
324 3562 375 3605 eos
398 3543 529 3624 equites,
553 3543 603 3623 qui
617 3563 724 3625 agmen
740 3544 988 3618 antecessissent,
1011 3560 1101 3623 prae·

81 3631 215 3691 mitteret
242 3648 352 3708 eosque
379 3649 480 3710 pugna
500 3630 686 3709 prohiberet,
720 3630 837 3710 sibique
862 3640 897 3692 ut
917 3637 1101 3709 potestatem

81 3717 194 3777 iaceret
215 3715 247 3775 in
269 3716 365 3778 Ubios
388 3717 504 3797 legatos
527 3717 680 3779 mittendi:
705 3736 830 3798 quorum
853 3716 880 3777 si
900 3715 1050 3796 principes
1064 3734 1101 3778 ac

82 3811 205 3864 senatus
239 3802 301 3864 sibi
327 3803 519 3864 iureiurando
546 3805 635 3865 fidem
662 3805 818 3876 fecissent,
853 3823 890 3865 ea
911 3802 1100 3875 condicione,
1116 3828 1145 3869 eo

82 3907 159 3966 quae
183 3908 202 3949 a
224 3887 356 3950 Caesare
377 3890 515 3962 ferretur,
544 3910 577 3951 se
604 3911 712 3953 usuros
740 3891 953 3952 ostendebant:
983 3891 1022 3950 ad
1043 3889 1101 3951 has

83 3992 133 4034 res
165 3973 366 4037 conficiendas
394 3975 451 4037 sibi
479 3977 570 4038 tridui
597 3979 728 4058 spatium
756 3980 850 4039 daret.
895 3976 980 4039 Haec
1000 3975 1103 4039 omnia
