2616 4492
390 308 473 357 urs.
488 310 556 357 nn.
576 309 655 357 cae.
670 293 764 355 1-4.
1054 290 1098 357 tr

72 446 205 509 maxiem
225 445 310 511 Galli
333 445 521 510 delectantur
543 467 678 530 quaeque
699 447 836 527 impenso
857 454 969 526 parant
981 444 1096 526 pretio,

74 533 220 597 Germani
240 533 414 614 importatis
436 553 499 596 non
520 543 655 607 utuntur,
678 535 733 595 scd
754 551 831 612 quae
854 541 925 594 sunt
947 533 1028 612 apud
1043 551 1096 596 eos

72 628 164 694 nata,
197 638 295 700 prava
328 624 419 701 atque
453 621 613 693 deformia,
633 619 721 682 haec
747 619 925 700 quotidiana
945 617 1095 681 exercita·

70 707 154 769 tiouc
182 705 290 768 summi
317 715 352 769 ut
380 706 441 768 sint
462 706 575 775 laboris
598 705 737 769 efficiunt
780 704 981 785 Equestribus
1003 723 1094 785 proe-

71 792 121 854 liis
145 811 237 873 saepe
260 811 297 853 ex
319 792 401 873 equis
425 793 567 855 desiliunt
589 810 624 855 ao
637 792 765 873 pedibus
780 791 966 871 proeliantur
981 809 1122 872 equos-r

70 898 130 959 que
163 879 267 940 eodem
295 898 449 940 remancre
471 879 598 959 vestigio
623 879 867 950 adsuefecerunt,
901 878 941 939 ad
963 894 1038 958 quos
1061 896 1095 938 se

70 965 219 1039 celeriter,
248 983 314 1027 cum
337 984 411 1027 usus
434 974 496 1036 est,
525 965 691 1045 recipiunt·,
715 983 812 1044 neque
836 983 938 1026 eorum
960 962 1093 1026 moribus

69 1051 188 1131 turpius
211 1049 368 1131 quicquam
391 1061 445 1113 aut
465 1051 591 1113 inertius
611 1051 743 1113 habetur
763 1069 856 1131 quam
875 1049 1024 1130 ephippiis
1039 1049 1093 1112 uti.

69 1137 177 1218 Itaque
199 1138 239 1198 ad
254 1137 390 1218 quemvis
406 1156 562 1200 nnmerum
579 1136 821 1217 ephippiatorum
836 1135 969 1217 equitum
984 1155 1093 1216 quam·

69 1222 117 1284 vis
150 1223 239 1303 pauci
271 1223 354 1285 adire
376 1225 496 1285 audent
539 1223 654 1285 Vinum
677 1225 716 1285 ad
738 1242 772 1285 se
794 1223 914 1284 omnino
935 1221 1094 1302 importari
1108 1246 1137 1285 ro

70 1329 132 1370 non
155 1308 274 1385 sinunt,
298 1312 376 1390 quod
399 1330 436 1372 ea
458 1329 490 1373 re
512 1311 552 1371 ad
567 1309 701 1371 laborem
718 1310 872 1371 ferendum
887 1307 1093 1372 remollescere

69 1395 206 1457 homines
236 1404 327 1476 atque
350 1395 516 1459 effeminari
538 1396 733 1457 arbitrantur.
782 1394 905 1461 Publice
931 1394 1120 1457 maximama

70 1490 180 1563 putant
208 1500 276 1543 esse
297 1482 418 1544 laudern
441 1501 531 1562 quam
554 1482 702 1544 latissime
725 1501 745 1544 a
766 1481 828 1543 suis
851 1481 960 1543 finibus
982 1499 1093 1543 vacare

71 1587 177 1649 agros:
215 1568 274 1630 hac
291 1583 339 1630 're
372 1568 535 1649 significari
572 1587 712 1647 magnum
749 1579 903 1628 numemm
937 1566 1093 1629 civitatum

71 1673 157 1716 suam
189 1653 253 1716 vim
286 1655 434 1716 sustinere
461 1673 525 1716 non
549 1673 649 1735 posse.
692 1653 800 1734 Itaque
822 1672 883 1713 una
905 1660 1052 1732 exparte
1074 1670 1135 1717 aro

71 1739 183 1802 Suevis
216 1739 331 1801 circiter
364 1740 448 1801 milia
480 1759 626 1820 passuum
654 1749 798 1801 sexcenta
825 1739 889 1818 agri
910 1757 1020 1800 vacare
1042 1738 1092 1801 di-

70 1834 187 1888 cuntur.
230 1824 283 1887 Ad
306 1826 432 1903 alteram
454 1835 571 1905 partem
595 1827 757 1887 succedunt
777 1824 864 1898 Ubii,
887 1843 1013 1905 quorum
1034 1824 1093 1887 luit
1120 1879 1122 1883 .

69 1912 179 1974 civitas
202 1912 306 1991 ampla
327 1921 418 1992 atque
440 1913 565 1986 florens,
594 1921 629 1973 ut
657 1921 705 1972 est
726 1921 832 1989 captus
855 1909 1091 1986 Germanorum,

70 2009 102 2060 et
121 1997 229 2078 paulo,
252 2018 341 2079 quam
365 1998 499 2060 eiusdem
521 1997 637 2079 generis
659 1998 763 2072 ceteri,
791 2006 862 2059 sunt
882 1997 1091 2073 humaniores,

68 2093 233 2164 propterea
268 2085 348 2164 quod
383 2085 524 2148 Rhenum
558 2083 713 2164 attingunt
745 2084 932 2163 multumque
965 2085 1006 2145 ad
1039 2102 1091 2146 eos
1105 2109 1135 2149 ao

70 2179 253 2233 mercatores
275 2170 443 2245 ventitant,
464 2179 496 2233 et
517 2170 577 2251 ipsi
597 2179 721 2250 propter
741 2169 996 2251 propinquitatem
1011 2168 1091 2233 Gal-

69 2257 135 2318 licis
168 2268 240 2319 sunt
272 2258 407 2320 moribus
430 2257 614 2320 adsuefacti.
662 2257 729 2318 Hos
763 2276 829 2319 cunr
863 2255 954 2319 Suevi
986 2256 1093 2338 multis

70 2362 161 2423 saepe
192 2343 281 2406 bellis
316 2344 432 2424 experti
458 2353 582 2424 propter
603 2342 830 2423 amplitudinem
852 2342 1091 2423 gravitatemque

70 2429 203 2492 civitatis
230 2430 339 2493 finibus
363 2430 511 2511 expellere
534 2449 595 2492 non
617 2429 801 2510 potuissent,
829 2438 933 2491 tamen
955 2429 1091 2510 vectiga-

70 2517 114 2578 les
137 2516 195 2578 sibi
215 2517 349 2578 iecerunt
371 2536 407 2579 ac
427 2516 522 2578 multo
544 2516 718 2579 humiliores
740 2516 980 2596 infirmioresque
1000 2517 1090 2577 rede·
1104 2541 1133 2581 ιο

71 2611 187 2684 gerunt
447 2654 450 2659 ,

135 2689 172 2750 In
205 2688 310 2750 eadem
342 2707 435 2751 causa
461 2689 582 2751 fuerunt
607 2688 750 2769 Usipetes
773 2698 804 2751 et
826 2687 980 2761 Tencteri,
1015 2695 1118 2768 quoea

72 2794 166 2855 supra
193 2773 337 2848 diximus,
366 2775 417 2854 qui
439 2776 604 2854 complures
627 2794 723 2837 annos
746 2773 911 2837 Suevomm
933 2773 996 2836 vim
1018 2795 1090 2836 sns-

71 2861 241 2931 tinuerunt;
275 2860 315 2920 ad
348 2868 514 2921 extremum
547 2869 650 2923 tamen
678 2861 758 2942 agris
786 2861 904 2940 expulsi
931 2868 961 2921 et
988 2859 1090 2923 multis

72 2944 145 3006 locis
167 2943 349 3006 Germaniae
364 2944 526 3006 triennium
539 2947 643 3025 uagati
665 2947 704 3009 ad
719 2947 858 3009 Rhenum
873 2955 1090 3026 pervenerunt3
1104 2971 1133 3009 eo

72 3050 149 3111 quas
182 3030 317 3111 regiones
350 3030 487 3108 Menapii
508 3029 678 3094 incolebant
700 3043 731 3094 et
753 3035 793 3094 ad
812 3041 971 3111 utramque
993 3032 1090 3111 ripam

72 3117 203 3180 fluminis
236 3136 342 3197 agros,
377 3115 514 3178 aedilicia
539 3115 679 3195 vicosque
705 3118 875 3192 habebant3
909 3120 964 3180 sed
985 3126 1091 3180 tantae

72 3202 271 3267 multitudinis
305 3203 390 3265 aditu
417 3201 567 3283 perterriti
589 3221 630 3278 ex,
648 3201 684 3265 iis
708 3204 866 3277 aedificiis,
900 3222 977 3283 quae
1004 3212 1090 3265 trans

72 3291 183 3352 flumen
206 3291 392 3363 habuerant,
415 3289 658 3369 demigraverunt
680 3299 711 3351 et
732 3288 774 3352 cis
795 3290 937 3352 Rhenum
959 3289 1091 3369 disposi-

72 3378 112 3439 tis
134 3376 297 3457 praesidiis
324 3375 493 3438 Germanos
515 3375 645 3437 transire
667 3376 875 3454 prohibebant
918 3375 967 3437 Illi
989 3374 1092 3438 omnia
1105 3399 1133 3439 eu

73 3464 205 3543 experti,
229 3482 295 3524 curn
317 3481 412 3543 neque
434 3463 466 3524 vi
487 3462 667 3524 contendere
682 3471 804 3541 propter
819 3460 953 3541 inopiam
968 3462 1091 3523 navium

72 3569 168 3630 neque
201 3549 279 3611 clam
306 3548 435 3611 transire
462 3556 586 3629 propter
613 3549 764 3610 custodias
787 3548 995 3626 Menapiorum
1017 3567 1091 3627 pos·

72 3646 149 3709 sent,
173 3635 284 3697 reverti
304 3655 339 3697 se
361 3635 393 3701 in
415 3654 487 3698 suas
510 3636 598 3696 sedes
620 3635 814 3715 regionesque
828 3634 1046 3697 simulaverunt
1060 3642 1092 3697 et

72 3721 166 3784 tridui
198 3722 279 3784 viam
306 3721 459 3802 progressi
480 3740 585 3782 mrsue
607 3730 797 3784 reverterunt
820 3730 910 3800 atque
933 3721 1013 3782 omni
1035 3721 1092 3783 hoc

72 3806 181 3870 itinere
202 3828 264 3870 una
285 3817 371 3870 nocte
394 3807 530 3888 equitatu
552 3808 684 3869 confecto
706 3807 818 3869 iusm'os
840 3806 1091 3888 inopinantesque
1105 3833 1135 3872 ro

73 3895 232 3974 Menapios
255 3903 484 3975 oppresserunt,
509 3893 560 3973 qui
582 3894 619 3955 de
641 3893 859 3956 Germanorum
882 3893 1016 3956 discessu
1038 3913 1092 3975 per

74 3980 280 4059 exploratores
312 3981 454 4043 certiores
486 3981 560 4042 laeti
590 3978 655 4043 siue
682 3989 766 4043 metu
783 3990 878 4043 *trans
898 3980 1040 4043 Rhenum
1061 3980 1092 4043 iu
