2616 4492
390 327 459 373 nm.
475 327 511 374 11.
534 319 610 374 can.
629 311 762 374 18-23.
1043 310 1085 376 ot

65 464 147 525 vitas
170 471 201 524 et
223 483 378 526 successus
400 464 531 526 hostium
553 464 745 545 impediebat.
778 464 837 526 His
858 463 1085 529 difficultatibus

66 551 143 612 duae
177 569 225 611 res
260 559 347 611 erant
380 552 529 626 subsidio,
564 551 690 613 scientia
717 559 807 631 atque
834 570 907 612 usus
939 551 1084 628 militum,

66 639 146 717 quod
169 636 372 716 superioribus
394 637 515 716 proeliis
539 637 709 712 exercitati,
737 637 807 718 quid
829 636 895 698 fieri
916 646 1083 718 oporteret,

65 742 126 783 non
156 723 252 783 minus
281 725 432 784 commode
454 723 513 804 ipsi
535 724 593 786 sibi
614 723 820 804 praescribere
843 742 931 803 quam
954 724 993 786 ab
1015 724 1084 786 aliis

65 809 164 871 doceri
192 817 347 889 poterant,
383 818 413 870 et
440 811 519 890 quod
542 813 581 871 ab
604 830 690 890 opere
714 809 897 890 singulisque
917 810 1084 890 legionibus
1095 824 1112 870 ‘s

65 894 200 975 singulos
223 896 338 976 legatos
361 895 476 958 Caesar
498 897 650 958 discedere
672 896 730 957 nisi
753 896 875 958 munitis
898 895 1007 958 castris
1028 916 1084 958 ve-

64 990 174 1042 tuerat.
218 982 260 1043 Hi
282 990 405 1062 propter
426 983 681 1063 propinquitatem
704 991 735 1044 et
756 982 938 1044 celeritatem
953 983 1085 1044 hostium

64 1066 140 1128 nihil
172 1068 233 1129 iam
267 1068 408 1130 Caesaris
440 1069 597 1149 imperium
625 1069 858 1149 exspectabant,
893 1069 947 1131 sed
972 1088 1027 1150 per
1051 1088 1085 1130 se

65 1174 143 1234 quae
165 1154 345 1216 videbantur
367 1155 628 1217 administrabant.

130 1239 245 1302 Caesar
265 1241 445 1312 necessariis
468 1243 560 1303 rebus
580 1241 737 1322 imperatis
757 1242 797 1302 ad
811 1241 1012 1304 cohortandos
1026 1241 1086 1303 mi·
1094 1244 1124 1294 21

64 1327 149 1401 lites,
179 1346 269 1406 quam
296 1328 327 1389 in
354 1338 472 1408 partem
494 1330 555 1390 fors
579 1328 703 1402 obtulit,
732 1328 897 1389 decucurrit
924 1328 1016 1389 etad
1038 1328 1121 1390 le-rr

65 1413 182 1493 gionem
205 1413 348 1474 decimam
371 1415 500 1476 devenit.
534 1415 649 1476 Milites
665 1433 724 1475 non
736 1413 868 1494 longiore
883 1413 1018 1475 oratione
1032 1432 1085 1475 co-

65 1500 219 1573 hortatus,
249 1519 338 1580 quam
366 1501 410 1561 uti
433 1520 505 1561 suae
526 1501 672 1581 pristinae
695 1499 814 1561 virtutis
837 1499 1010 1561 memoriam
1033 1519 1085 1561 re-

64 1585 197 1647 tinerent
228 1606 285 1646 neu
318 1588 566 1665 perturbarentur
598 1586 699 1647 animo
725 1586 915 1664 hostiumque
941 1584 1084 1665 impetum

64 1673 184 1732 fortiter
207 1672 407 1745 sustinerent,
432 1674 510 1752 quod
525 1691 585 1734 non
600 1673 717 1752 longius
732 1672 836 1732 hostes
852 1671 981 1732 aberant
995 1691 1087 1752 quam
1101 1694 1127 1732 ia

65 1777 124 1838 quo
148 1757 240 1817 telum
263 1758 350 1818 adiici
372 1766 490 1837 posset,
513 1759 619 1838 proelii
641 1757 844 1819 committendi
860 1757 980 1838 signnm·
993 1757 1085 1819 dedit

65 1845 170 1922 Atque
192 1843 223 1903 in
246 1843 372 1904 alteram
393 1854 511 1923 partem
534 1844 605 1905 item
629 1843 804 1905 cohortandi
826 1862 920 1905 causa
933 1846 1086 1923 proiectus

65 1929 268 2009 pugnantibus
297 1929 431 1991 occurrit.
477 1929 634 2010 Temporis
662 1937 751 1991 tanta
776 1930 835 1991 luit
856 1929 1005 2010 exiguitas
1026 1930 1086 1991 ho-

66 2015 217 2094 stiumque
250 2023 313 2076 tam
345 2025 471 2096 paratus
499 2017 539 2078 ad
567 2016 767 2077 dimicandum
792 2015 925 2092 animus,
959 2025 994 2078 ut
1025 2035 1086 2078 non

67 2102 155 2163 modo
190 2103 229 2163 ad
261 2101 391 2182 insignia
423 2104 691 2174 accommodanda,
725 2103 780 2163 sed
808 2103 899 2165 etiam
921 2104 961 2164 ad
983 2101 1086 2183 galeas
1100 2126 1129 2164 ao

65 2188 234 2249 induendas
257 2189 407 2269 scutisque
429 2189 594 2270 tegimenta
613 2189 801 2251 detrahenda
814 2198 934 2268 tempus
949 2188 1085 2251 deluerit.

66 2272 168 2342 Quam
195 2274 321 2354 quisque
344 2276 383 2336 ab
407 2295 496 2355 opere
519 2276 551 2337 in
572 2286 690 2355 partem
712 2293 785 2336 casu
806 2275 928 2337 devenit
950 2293 1086 2356 quaeque

65 2361 165 2440 prima
187 2361 273 2440 signa
294 2362 464 2441 conspexit,
488 2363 527 2426 ad
548 2363 624 2423 haec
645 2361 795 2435 constitit,
822 2381 859 2423 ne
880 2361 913 2423 in
935 2379 1085 2443 quaeren-

68 2447 114 2508 dis
138 2446 201 2507 suis
223 2448 375 2527 pugnandi
398 2458 517 2528 tempus
541 2449 712 2509 dimitteret.

129 2534 279 2595 Instructo
313 2535 443 2596 exercitu
477 2535 572 2616 magis
605 2545 640 2596 ut
672 2534 729 2595 loci
758 2543 869 2598 natura
895 2534 1128 2614 deiectusquc2²

65 2619 149 2680 collis
183 2629 214 2681 et
240 2621 404 2682 necessitas
432 2621 576 2701 temporis
604 2641 694 2701 quam
721 2628 756 2681 ut
781 2620 824 2681 rei
846 2620 985 2682 militaris
1007 2619 1085 2681 ratio
1099 2641 1127 2681 ao

66 2713 157 2785 atque
180 2707 253 2767 ordo
275 2706 465 2785 postulabat,
492 2727 559 2769 cum
587 2707 713 2768 diversis
736 2706 901 2786 legionibus
924 2707 1002 2768 aliae
1024 2706 1087 2768 alia

65 2791 98 2852 in
119 2800 207 2872 parte
228 2792 367 2853 hostibus
390 2794 579 2866 resisterent,
603 2793 801 2873 saepibusque
821 2792 1024 2866 densissimis,
1052 2800 1086 2853 ut

67 2887 138 2938 ante
172 2879 458 2950 demonstravimus,
486 2880 654 2941 ,interiectis
681 2888 857 2958 prospectus
879 2879 1084 2958 impediretur,

66 2957 164 3045 neque
196 2974 278 3024 certa
312 2964 447 3025 subsidia
478 2965 627 3026 conlocari
661 2985 771 3045 neque,
806 2965 877 3044 quid
903 2964 935 3025 in
968 2984 1086 3044 quaque
1099 2987 1128 3024 ao

67 3059 154 3130 parte
183 3069 258 3130 opus
281 3059 376 3121 esset,
406 3050 554 3129 provideri
576 3071 672 3131 neque
695 3051 733 3111 ab
756 3070 815 3112 nno
839 3045 940 3111 omnia
959 3049 1086 3129 imperia

67 3135 273 3198 administrari
305 3144 455 3216 poterant.
504 3137 612 3215 Itaque
639 3136 670 3197 in
698 3145 786 3198 tanta
807 3156 905 3197 rerum
927 3135 1085 3215 iniquitate

66 3225 203 3284 fortunae
225 3241 341 3303 quoque
364 3233 488 3283 eventus
510 3222 587 3283 varii
609 3223 819 3302 sequebantur.
862 3221 1004 3301 Legionis
1026 3223 1129 3282 n0-23

66 3329 124 3371 nae
152 3319 183 3370 et
210 3310 342 3370 decimae
370 3309 494 3383 milites,
523 3308 609 3369 utin
632 3307 755 3369 sinistra
776 3317 863 3387 parte
886 3307 949 3369 acie
971 3307 1086 3369 consti-

67 3404 182 3468 terant,
205 3396 274 3475 pilis
298 3395 415 3456 emissis
439 3415 528 3456 cursu
550 3414 585 3456 ac
606 3394 785 3455 lassitudine
806 3392 994 3455 exanimatos
1015 3392 1086 3455 vul-
1099 3415 1128 3455 aa

67 3482 247 3562 naribusque
273 3483 423 3543 conlectos
451 3481 617 3543 Atrebates
644 3515 687 3526 -
714 3500 784 3541 nam
810 3480 848 3541 iis
876 3499 913 3540 ea
933 3499 1005 3559 pars
1028 3479 1086 3541 ob-

67 3577 195 3630 venerat
221 3603 265 3614 -
292 3568 380 3633 celeri
411 3588 427 3630 r
454 3588 492 3630 ex
512 3568 577 3629 loco
601 3567 753 3647 superiore
775 3567 807 3628 in
828 3568 939 3627 fiumen
961 3585 1086 3645 compn-

67 3654 169 3716 lerunt
196 3663 227 3715 et
253 3654 393 3725 trans’y·
444 3664 552 3724 nantes
575 3653 702 3715 insecuti
724 3652 830 3733 gladiis
854 3671 992 3732 magnam
1013 3671 1086 3732 par-

67 3749 130 3802 tem
153 3759 254 3802 eornm
276 3740 453 3821 impeditam
475 3741 693 3802 interfecerunt.
736 3739 801 3819 Ipsi
822 3739 954 3800 transire
975 3739 1087 3801 flumen

69 3846 130 3889 non
163 3827 377 3888 dubitaverunt
404 3836 435 3888 et
461 3827 492 3888 in
518 3827 615 3909 locum
642 3827 776 3907 iniquum
803 3823 954 3906 progressi
981 3844 1086 3888 rursus
1100 3847 1129 3888 eo

67 3913 244 3976 resistentes
260 3913 363 3975 hostes
379 3913 581 3994 redintegrato
595 3912 709 3993 proelio
724 3912 756 3973 in
769 3914 871 3994 lugam
886 3911 1086 3976 coniecerunt.

67 3999 146 4063 Item
173 3998 235 4062 alia
261 3998 293 4062 in
318 4008 406 4079 parte
428 3999 566 4062 diversae
579 4001 665 4073 ‚duae
688 3999 836 4080 legiones,
870 3997 1028 4061 undecima
1054 4005 1087 4060 et
