2616 4492
475 94 481 129 l

153 279 195 342 30
490 292 607 343 curor
631 291 833 343 eremmon.

151 455 222 500 enm
243 434 470 518 interfecerunt
495 435 536 496 ad
561 433 642 495 hunc
674 433 797 495 modurn
831 441 952 496 mutata
984 434 1060 496 sint:
1096 434 1181 497 iem

153 520 263 585 moltis
287 542 326 584 en
348 522 478 584 ciuitate
500 568 530 583 ..
555 522 789 602 interfecerunt,
819 523 942 583 tandem
966 522 1121 600 adscripto
1145 539 1183 584 ae

148 609 288 688 deinceps
317 608 377 670 alio
400 609 464 670 loco
487 608 519 669 in
542 608 709 670 orationem
733 617 852 688 recepto
876 608 1022 671 adverbio
1045 607 1099 670 illo
1124 627 1180 671 ex·

150 695 284 759 stiterint
298 697 406 756 verbs:
430 696 508 757 iarn
530 693 641 757 multis
660 691 797 778 palam
818 714 859 758 en·
881 696 1032 758 ciuitate.
1048 740 1056 756 .
1072 695 1179 758 inter-

139 786 297 866 secernnt,
317 801 393 863 quae
415 781 504 843 hodie
527 781 650 842 suntin
673 781 835 843 codicibus.
848 781 1106 844 -Cornmntatis
1129 782 1179 844 in-

149 879 196 931 ter
218 889 251 930 se
275 868 354 930 notis
378 869 559 948 quibusdam
583 887 772 930 numerorum
795 868 873 930 varii
894 869 1036 931 bilariam
1059 869 1179 931 numeri

149 955 341 1028 exstiterunt,
366 956 403 1015 de
426 955 535 1034 quibus
557 955 588 1017 in
611 955 751 1035 sequenti
774 954 912 1036 quaestio
936 956 1001 1018 erit

214 1042 243 1103 3.
282 1038 369 1110 Quae
391 1041 471 1103 idem
495 1051 548 1102 aut
570 1041 667 1103 simile
690 1041 804 1122 aliquid
827 1043 999 1124 exprimunt
1019 1042 1115 1104 verba
1129 1040 1178 1104 his

147 1129 223 1193 locis
246 1138 453 1190 accesserunt:
480 1129 552 1202 120,
568 1130 610 1190 20
634 1128 762 1191 obnione
784 1137 932 1203 contra,
957 1128 1008 1202 14,
1025 1127 1045 1190 7
1060 1135 1178 1193 ecardo

145 1216 182 1280 in
216 1215 381 1290 occulto,
418 1214 490 1289 161,
515 1215 556 1278 35
579 1234 644 1277 ease
675 1215 713 1276 in
742 1215 860 1278 cestria
887 1237 909 1279 a
937 1214 1071 1278 milibus
1103 1234 1179 1278 non

148 1300 241 1386 lonqe
274 1302 436 1383 amplius
470 1322 536 1375 ιιι,
572 1299 623 1375 77,
646 1299 690 1363 29
712 1301 819 1382 gaius
848 1302 1043 1384 corpineinn
1080 1303 1111 1376 1,
1135 1302 1175 1365 35

146 1393 180 1473 p.
202 1390 244 1452 n.
263 1391 388 1472 pisone,
424 1388 476 1462 92,
500 1387 542 1452 26
571 1394 829 1452 concertannnm
855 1397 1053 1451 tenturum
1090 1387 1127 1472 (i.
1151 1409 1178 1452 e.

146 1476 383 1559 contenturom),
409 1474 461 1550 78,
478 1476 517 1539 31
541 1475 784 1556 qnontnsnis
805 1494 963 1556 magnas
985 1475 1100 1538 etism
1124 1497 1178 1539 eo-

141 1564 228 1648 pios,
267 1564 338 1636 140,
360 1565 380 1624 2
400 1562 497 1645 pori
520 1562 688 1624 eiusdem
709 1562 836 1644 penoris
857 1563 1063 1638 munitiones,
1102 1563 1176 1637 112,

147 1653 167 1714 2
190 1651 266 1714 baec
279 1651 393 1733 forna
415 1671 453 1712 ne
474 1649 585 1712 nnntii
608 1647 755 1732 (debebat
776 1649 903 1713 nuntiis
925 1647 1031 1733 scribi)
1050 1696 1058 1712 .
1075 1694 1082 1710 .
1093 1669 1175 1732 per-

135 1740 304 1823 sernntnr,
339 1735 391 1810 95,
416 1737 458 1798 23
481 1736 580 1819 papis
607 1735 880 1817 partibusque,
915 1733 968 1810 61,
992 1733 1013 1798 'i
1035 1737 1178 1800 nereidae

144 1872 175 1889 ..
200 1824 363 1888 onerariis
384 1825 534 1887 conctis
562 1821 868 1904 contractisque,
900 1822 973 1898 158,
997 1820 1017 1885 6
1039 1832 1177 1904 partae

133 1913 229 1996 fines,
266 1908 381 1983 159,6
410 1911 468 1972 snb
490 1909 672 1972 sarcinis
703 1909 860 1984 itinere,
896 1909 1030 1982 113,11
1064 1909 1103 1972 in
1132 1928 1175 1972 eo

143 1999 303 2063 mitterent
332 1993 456 2079 (melius
480 1996 558 2058 enim
581 2015 672 2076 quam
699 1996 906 2069 inmittor-ent,
935 1996 1016 2078 quod
1043 1995 1175 2060 lorsiten

144 2086 184 2148 in
206 2086 366 2148 mitterent
388 2083 532 2163 scripturn
556 2091 648 2156 esset,
672 2102 706 2147 eo
726 2083 888 2146 mitterent
901 2102 968 2146 esse
982 2082 1174 2165 videbatur),

144 2169 254 2245 72,15
278 2177 335 2234 ent
356 2191 428 2233 nere
450 2179 518 2231 aut
540 2189 685 2232 nummo
709 2189 821 2233 aureo
845 2167 911 2251 (vel
934 2169 1073 2255 aereo),
1100 2169 1174 2246 158,

143 2259 185 2321 34
208 2267 245 2320 et
266 2276 455 2320 romanum
478 2263 507 2319 et
527 2264 703 2331 enternnrn,
737 2255 791 2330 45,
813 2256 855 2320 42
879 2277 951 2320 cnm
979 2276 1018 2318 se
1045 2257 1175 2322 ceenire

140 2352 251 2409 rentne
281 2344 430 2426 coepisset
461 2353 580 2405 uento
614 2343 831 2418 dedissent,
867 2344 940 2416 132,
962 2341 984 2406 8
1007 2343 1044 2406 'si
1069 2346 1110 2408 ab
1136 2365 1173 2408 re

131 2430 356 2516 frumentario
377 2450 531 2493 romanos
552 2428 717 2493 enclndere
739 2441 805 2493 aut
826 2432 1012 2494 adductos
1035 2430 1173 2511 inopia

141 2537 185 2582 ex
211 2516 412 2598 prouintia
440 2516 642 2596 expellere
669 2525 816 2599 possent,
844 2516 1171 2591 8018505515-

140 2624 227 2669 cere
251 2604 362 2668 omnin
384 2622 442 2685 per
462 2621 495 2665 oe
517 2604 643 2677 obire,
669 2601 925 2686 consequen·
947 2604 1170 2687 55551555νί-

141 2691 214 2756 enin
236 2698 265 2754 et
285 2689 474 2753 detrimento
496 2687 569 2752 belli
590 2709 609 2751 a
631 2697 811 2772 gutruato
833 2697 961 2772 occepta
980 2692 1169 2774 referebant,

139 2780 219 2861 quod
247 2778 293 2840 ito
318 2777 412 2858 plene
433 2784 540 2838 tenent
561 2775 723 2850 AMTLU,
752 2778 823 2839 dum
846 2777 962 2859 reliqua
984 2785 1039 2840 eut
1060 2797 1168 2841 omnes

139 2876 194 2930 ant
216 2863 323 2946 optimi
345 2864 412 2926 cdd.
436 2863 587 2926 exhibent.
632 2863 817 2927 Addendum
840 2883 877 2926 ex
891 2863 923 2925 V
938 2863 1025 2938 35,1
1043 2871 1073 2927 et
1093 2885 1169 2928 555-

138 2974 245 3017 creans
267 2960 305 3014 et
326 2951 518 3025 incursus3
551 2950 626 3013 item
653 2969 691 3012 ex
718 2951 853 3014 secunde
873 2951 912 3013 ol.
933 2948 965 3026 6,
988 2948 1009 3013 6
1030 2961 1167 3031 partes

138 3040 202 3103 vel
221 3010 326 3122 papiro
350 3038 387 3113 T,
413 3037 486 3112 135,
508 3038 546 3100 21
574 3036 717 3100 ceteris
738 3037 874 3119 reliquis
901 3038 941 3111 Τ,
966 3036 1020 3111 45,
1045 3034 1088 3101 36
1110 3057 1168 3101 es·

136 3136 196 3192 set
217 3133 287 3190 eret
301 3125 368 3198 TU,
383 3124 436 3199 45,
454 3124 495 3186 37
514 3122 635 3207 palen
655 3144 819 3188 remorans
839 3124 1073 3188 incitatione
1098 3125 1167 3200 TU,

138 3215 190 3288 35,
212 3213 234 3276 4
256 3232 334 3276 555
363 3213 495 3274 minoe
525 3211 715 3275 commode
742 3211 809 3294 ipsi
834 3212 897 3276 eibi
923 3211 1044 3292 magis
1062 3232 1165 3295 proe-

136 3302 273 3366 ecribere
295 3299 361 3362 TU.
408 3298 548 3379 Denique
576 3317 614 3360 ex
642 3297 735 3360 tertia
757 3298 856 3360 classe
878 3298 1025 3361 nonnulla
1046 3298 1080 3362 in
1100 3300 1167 3381 pri-

136 3409 203 3452 mas
227 3389 293 3450 edd.
316 3387 518 3466 inrepserunt,
541 3393 576 3446 ut
606 3383 679 3461 164,
701 3385 742 3447 21
767 3385 892 3466 ignari
919 3387 1077 3468 suspensi,
1112 3385 1166 3462 ⁷3,

136 3477 157 3540 5
178 3474 287 3539 nitro
311 3473 438 3556 glasto
468 3470 555 3556 (uam
577 3470 664 3536 nitro
685 3491 742 3553 pro
763 3472 872 3537 nitro
900 3473 1045 3553 scripturn
1067 3473 1165 3559 erat).

200 3630 240 3693 11.
277 3629 324 3692 De
347 3628 441 3692 variis
464 3646 500 3690 ac
522 3624 652 3690 diversis
673 3625 777 3688 verbis
799 3625 987 3710 syllabisque
1001 3626 1163 3694 adiunctis.

203 3735 230 3797 l.
275 3733 327 3796 Ad
349 3731 437 3795 initia
459 3729 666 3794 narrationum
689 3729 727 3791 de
750 3729 799 3805 iis,
823 3749 902 3811 quae
925 3731 1050 3812 singulis
1073 3732 1163 3796 annis

134 3830 221 3904 gesta
243 3830 325 3895 sunt,
348 3819 565 3899 inscriptiones
585 3825 778 3879 accesserunt
793 3816 1002 3898 ineptissimae
1017 3820 1162 3882 eaedem-

133 3929 190 3991 que
220 3907 299 3969 inter
328 3927 360 3968 se
390 3905 622 3978 dissimillimas,
652 3921 749 3984 neque
772 3903 804 3966 in
825 3903 888 3967 ulla
909 3923 942 3966 re
965 3905 1062 3986 magis
1086 3925 1162 3971 cen-

132 3993 270 4065 sentiunt
300 3993 430 4068 codices,
460 4011 555 4073 qoam
587 3990 669 4072 quod
701 3990 800 4057 Libri
824 4008 880 4055 eac
906 3991 1105 4073 appellentur
1129 4003 1162 4061 et
