2616 4492
254 307 324 353 nm.
339 305 376 354 11.
399 304 476 354 one.
493 291 544 352 33.
566 327 610 338 -
629 306 700 352 ms.
715 303 766 352 111.
789 304 866 352 cnr.
880 287 911 352 4.
1050 287 1091 351 41

74 444 192 526 positus
224 444 256 508 in
288 445 369 507 valle
397 465 459 508 non
485 464 596 527 magna
622 444 739 507 adiecta
763 443 903 525 planitie,
937 442 1094 505 altissimis

73 531 229 594 montibus
260 533 392 613 undique
425 531 601 594 continetur.
655 531 731 593 Oum
758 531 808 593 hic
834 531 866 593 in
893 532 968 592 duas
990 538 1094 609 partes

74 618 196 679 flumine
229 618 422 691 divideretur,
456 619 584 680 alteram
610 627 728 698 partem
757 618 820 679 eins
847 616 905 678 vici
932 615 1031 678 Gallis
1054 615 1094 678 ad

74 705 268 766 hiemandum
290 705 450 779 concessit,
475 705 601 766 alteram
624 723 751 765 vacuam
775 705 814 764 ab
828 702 876 764 his
891 703 1025 764 relictam
1041 720 1093 763 co-

74 790 212 852 hortibus
236 791 383 852 attribuit.
426 791 504 852 Eum
526 791 623 852 locum
645 790 726 851 vallo
748 791 890 869 iussaque
912 788 1049 850 munivit
1107 807 1121 845 a

140 875 217 938 (lum
245 877 309 938 dies
336 877 527 938 hibernorum
554 876 721 956 complures
750 876 934 937 transissent
957 873 1119 937 numen-2

74 971 197 1044 tumque
225 982 260 1024 eo
288 964 468 1043 comportari
494 964 649 1038 iussisset,
683 962 781 1024 subito
808 982 862 1042 per
889 961 1094 1041 exploratores

74 1049 186 1110 certior
206 1051 304 1111 iactus
327 1058 375 1111 est
397 1069 435 1111 ex
457 1069 493 1111 ea
513 1059 600 1129 parte
622 1048 695 1122 vici,
724 1068 814 1128 quam
843 1047 942 1110 Gallis
970 1066 1094 1109 conces-

75 1144 174 1208 serat,
209 1155 313 1197 omnes
335 1144 426 1198 noctu
449 1134 640 1210 discessisse,
674 1143 864 1214 montesque,
899 1134 949 1214 qui
975 1133 1094 1213 impen-

75 1222 195 1294 derent,
219 1241 238 1283 a
261 1222 392 1284 maxima
413 1222 604 1283 multitudine
628 1221 816 1284 Sedunorum
839 1229 871 1282 et
890 1220 1094 1300 Veragrorum
1109 1238 1138 1277 ro

75 1308 180 1369 teneri.
223 1307 260 1369 Id
292 1308 407 1389 aliquot
440 1310 477 1370 de
505 1309 605 1370 causis
628 1308 793 1380 assideret,
827 1315 862 1368 ut
889 1307 989 1368 subito
1012 1304 1096 1367 Galli

74 1393 146 1455 belli
178 1395 343 1456 renovandi
375 1395 558 1475 legionisque
585 1395 797 1475 opprimendae
823 1392 980 1454 consilium
1002 1411 1094 1472 cape-

10 1476 12 1482 ’
74 1489 158 1544 rent:
182 1481 327 1560 primurn,
351 1483 431 1561 quod
452 1481 598 1562 legionem
620 1500 715 1562 neque
738 1499 804 1541 eam
818 1478 1024 1559 plenissimam
1041 1481 1096 1541 de-

75 1567 181 1628 tractis
210 1567 382 1629 cohortibus
405 1569 522 1628 duabus
545 1576 575 1628 et
596 1566 799 1647 compluribus
822 1564 1011 1645 singillatim,
1046 1566 1096 1646 qul

57 1661 258 1714 commeatus
280 1653 403 1732 petendi
425 1672 518 1713 causa
539 1653 624 1714 missi
647 1661 749 1724 erant,
772 1660 895 1731 propter
911 1650 1095 1730 paucitatem
1110 1668 1137 1706 rs

75 1739 298 1818 despiciebant;
332 1747 396 1799 turn
425 1739 531 1811 etiam,
566 1740 645 1818 quod
666 1746 789 1817 propter
810 1737 1000 1816 iniquitatem
1022 1736 1094 1811 loci,

77 1843 145 1885 curn
172 1823 231 1903 ipsi
254 1843 291 1884 ex
313 1824 465 1885 montibus
488 1823 518 1885 in
540 1825 649 1885 vallem
672 1825 864 1885 decurrerent
886 1832 917 1884 et
938 1823 1000 1885 tela
1022 1842 1095 1884 cen-

75 1909 215 1982 iicerent,
250 1929 289 1971 ne
316 1910 445 1990 primum
474 1910 592 1991 quidem
613 1929 703 1991 pesse
724 1911 869 1991 impetum
891 1929 977 1971 suum
999 1909 1095 1971 susti-

76 1997 142 2057 neri
170 1996 392 2058 existimabant.
441 1995 629 2070 Accedebat,
663 1997 742 2077 quod
770 2015 841 2057 suos
869 1997 908 2056 ab
930 2016 964 2058 se
985 1995 1095 2058 liberos

77 2083 246 2144 abstractos
270 2082 408 2144 obsidum
429 2082 549 2144 nomine
572 2083 715 2145 dolebant
737 2091 768 2145 et
788 2083 944 2144 Romanos
968 2102 1027 2144 non
1042 2102 1095 2144 so·
1109 2102 1139 2142 so

75 2168 139 2230 lum
171 2168 311 2231 itinerum
344 2188 449 2244 causa,
484 2171 537 2231 scd
570 2170 662 2231 etiam
688 2179 851 2250 perpetuae
877 2169 1093 2247 possessionis,

78 2255 211 2317 culmina
236 2255 362 2335 Alpium
386 2274 529 2336 occupare
551 2257 652 2318 conari
674 2264 705 2317 et
727 2275 764 2317 ea
784 2254 851 2316 loca
872 2255 1001 2317 finitima
1021 2275 1095 2336 pro-

75 2342 192 2403 vinciae
214 2342 377 2422 adiungere
399 2342 457 2404 sibi
477 2362 657 2422 persuasum
679 2342 842 2404 habebant.

140 2428 197 2489 His
232 2428 344 2489 nuntiis
372 2428 502 2510 acceptis
530 2427 646 2503 Galba,
682 2447 749 2490 cum
777 2447 874 2509 neque
896 2446 970 2506 opus
992 2426 1122 2495 hiber-3

76 2533 181 2575 norum
205 2514 442 2595 munitionesque
461 2515 550 2595 plene
572 2524 675 2576 essent
696 2517 846 2595 perlectae
869 2528 964 2594 neque
980 2514 1016 2574 de
1031 2515 1096 2575 fru-
1110 2550 1138 2589 25

77 2610 179 2662 mento
213 2601 385 2682 reliquoque
413 2611 582 2663 commeatu
609 2602 685 2663 satis
712 2610 794 2663 esset
816 2600 984 2681 provisum,
1018 2601 1098 2682 quod

77 2687 229 2748 deditione
250 2689 333 2748 facta
356 2687 567 2767 obsidibusque
590 2688 718 2768 acceptis
740 2687 815 2749 nihil
837 2685 968 2748 debello
986 2686 1097 2748 timen-

77 2774 148 2833 dum
171 2773 413 2847 existimaverat,
437 2773 561 2835 consilio
583 2775 719 2837 celeriter
741 2779 906 2837 convocato
929 2774 1096 2835 sententias

76 2859 230 2938 exquirere
256 2859 362 2938 coepit.
407 2856 475 2927 Quo
496 2860 528 2921 in
552 2861 691 2934 consilio,
721 2879 786 2922 curn
808 2868 927 2920 tanturn
950 2858 1097 2938 repentini

76 2945 201 3026 periculi
222 2953 344 3024 praeter
366 2945 537 3023 opinionem
560 2948 733 3019 accidisset,
767 2966 803 3007 ac
828 2946 890 3007 iam
913 2946 1014 3006 omnia
1034 2946 1096 3007 iere
1111 2979 1140 3019 ³0

77 3030 234 3110 superiora
260 3031 327 3091 loca
352 3029 542 3091 multitudine
565 3042 748 3094 armatorum
771 3030 920 3110 completa
942 3032 1097 3110 conspice-

76 3127 191 3191 rentur,
215 3135 311 3195 neque
333 3116 467 3177 subsidio
489 3117 585 3178 veniri
606 3138 702 3198 neque
724 3124 909 3180 commeatus
925 3116 1098 3196 supportari

76 3203 247 3266 interclusis
269 3202 428 3265 itineribus
450 3212 590 3282 possent,
617 3224 711 3284 prope
732 3204 795 3264 iarn
817 3205 979 3282 desperata
1001 3203 1097 3264 salute

78 3289 240 3351 nonnullae
262 3289 433 3351 huiusmodi
456 3289 625 3351 sententiae
640 3290 825 3362 dicebantur,
848 3296 883 3351 ut
897 3288 1098 3368 impedimen-

78 3377 118 3438 tis
152 3375 263 3438 relictis
296 3375 451 3454 eruptione
483 3378 564 3437 iacta
591 3377 698 3438 iisdem
719 3375 892 3447 itineribus,
927 3376 1034 3455 quibus
1062 3395 1097 3439 eo
1112 3412 1140 3451 ³5

76 3462 304 3543 pervenissent,
339 3463 379 3523 ad
412 3462 539 3524 salutem
573 3464 796 3526 contenderent.
854 3461 965 3521 Maiori
997 3471 1099 3523 tamen

77 3549 157 3629 parti
183 3548 299 3629 placuit
325 3549 382 3610 hoc
405 3557 562 3611 reservato
585 3551 625 3611 ad
648 3559 811 3610 extremum
834 3547 958 3609 consilio
980 3547 1099 3610 interim

78 3635 123 3696 rei
144 3645 284 3697 eventurn
309 3635 438 3714 experiri
460 3644 491 3696 et
512 3645 613 3714 castra
635 3636 802 3698 defendere.

142 3721 234 3783 Brevi
262 3722 360 3801 spatio
387 3722 558 3796 interiecto,
591 3723 644 3785 vix
670 3732 704 3784 ut
725 3721 763 3783 iis
785 3721 890 3793 rebus,
925 3739 999 3800 quas
1022 3726 1126 3783 con-4

80 3808 267 3883 stituissent,
291 3809 481 3870 conlocandis
505 3818 594 3889 atque
612 3808 859 3871 administrandis
875 3816 993 3886 tempus
1010 3809 1100 3870 dare·
1114 3830 1143 3869 ro

80 3904 141 3967 tur,
174 3895 278 3960 hostes
313 3913 350 3956 ex
378 3895 516 3957 omnibus
549 3897 686 3977 partibus
715 3895 799 3976 signo
828 3896 900 3956 dato
928 3896 1099 3970 decurrere,

80 3980 198 4061 lapides
221 3999 370 4062 gaesaque
390 3980 422 4042 in
444 3981 558 4044 vallum
580 3983 732 4046 coniicere.
776 3980 883 4045 Nostri
904 3981 1000 4060 primo
1019 3981 1101 4043 ints·
