<?xml version="1.0" encoding="UTF-8"?>
<!DOCTYPE html PUBLIC "-//W3C//DTD XHTML 1.0 Transitional//EN"
    "http://www.w3.org/TR/xhtml1/DTD/xhtml1-transitional.dtd">
<html xmlns="http://www.w3.org/1999/xhtml" xml:lang="en" lang="en">
 <head>
  <title>
</title>
<meta http-equiv="Content-Type" content="text/html;charset=utf-8" />
  <meta name='ocr-system' content='tesseract 3.04.00' />
  <meta name='ocr-capabilities' content='ocr_page ocr_carea ocr_par ocr_line ocrx_word'/>
</head>
<body>
  <div class='ocr_page' id='page_1' title='image "./debellogallicol00friggoog_0042.png"; bbox 0 0 2616 4492; ppageno 0'>
   <div class='ocr_carea' id='block_1_1' title="bbox 486 298 1178 368">
    <p class='ocr_par' dir='ltr' id='par_1_1' title="bbox 486 298 1178 368">
     <span class='ocr_line' id='line_1_1' title="bbox 486 298 1178 368; baseline -0.003 -2"><span class='ocrx_word' id='word_1_1' title='bbox 486 318 555 366; x_wconf 82' lang='lat' dir='ltr'>mu.</span> <span class='ocrx_word' id='word_1_2' title='bbox 570 318 592 367; x_wconf 84' lang='lat'>1.</span> <span class='ocrx_word' id='word_1_3' title='bbox 616 318 691 368; x_wconf 78' lang='lat' dir='ltr'>car.</span> <span class='ocrx_word' id='word_1_4' title='bbox 708 302 844 368; x_wconf 78' lang='grc'><strong>38-40,</strong></span> <span class='ocrx_word' id='word_1_5' title='bbox 1138 298 1178 364; x_wconf 86' lang='grc'>19</span> 
     </span>
    </p>
   </div>
   <div class='ocr_carea' id='block_1_2' title="bbox 155 455 1233 4075">
    <p class='ocr_par' dir='ltr' id='par_1_2' title="bbox 155 455 1180 712">
     <span class='ocr_line' id='line_1_2' title="bbox 157 455 1180 539; baseline -0.003 -19"><span class='ocrx_word' id='word_1_6' title='bbox 157 458 249 520; x_wconf 90' lang='lat' dir='ltr'>etiam</span> <span class='ocrx_word' id='word_1_7' title='bbox 282 457 409 535; x_wconf 79' lang='lat' dir='ltr'>Caesari</span> <span class='ocrx_word' id='word_1_8' title='bbox 441 458 633 532; x_wconf 81' lang='lat' dir='ltr'>nuntiarant,</span> <span class='ocrx_word' id='word_1_9' title='bbox 667 477 734 521; x_wconf 92' lang='lat' dir='ltr'>cum</span> <span class='ocrx_word' id='word_1_10' title='bbox 762 467 863 522; x_wconf 88' lang='lat' dir='ltr'>castra</span> <span class='ocrx_word' id='word_1_11' title='bbox 888 457 1004 521; x_wconf 85' lang='lat' dir='ltr'>moveri</span> <span class='ocrx_word' id='word_1_12' title='bbox 1029 474 1066 518; x_wconf 87' lang='lat' dir='ltr'>ac</span> <span class='ocrx_word' id='word_1_13' title='bbox 1092 455 1180 539; x_wconf 88' lang='lat' dir='ltr'>signa</span> 
     </span>
     <span class='ocr_line' id='line_1_3' title="bbox 155 543 1180 626; baseline -0.002 -20"><span class='ocrx_word' id='word_1_14' title='bbox 155 545 227 607; x_wconf 79' lang='lat' dir='ltr'>farri</span> <span class='ocrx_word' id='word_1_15' title='bbox 249 543 404 620; x_wconf 88' lang='lat' dir='ltr'>iussisset,</span> <span class='ocrx_word' id='word_1_16' title='bbox 427 564 488 607; x_wconf 91' lang='lat' dir='ltr'>nou</span> <span class='ocrx_word' id='word_1_17' title='bbox 502 547 566 607; x_wconf 80' lang='lat' dir='ltr'>fore</span> <span class='ocrx_word' id='word_1_18' title='bbox 581 546 660 607; x_wconf 90' lang='lat' dir='ltr'>dicto</span> <span class='ocrx_word' id='word_1_19' title='bbox 676 547 833 609; x_wconf 83' lang='lat' dir='ltr'>audientes</span> <span class='ocrx_word' id='word_1_20' title='bbox 847 544 960 609; x_wconf 86' lang='lat' dir='ltr'>milites</span> <span class='ocrx_word' id='word_1_21' title='bbox 974 562 1071 626; x_wconf 86' lang='lat' dir='ltr'>nequa</span> <span class='ocrx_word' id='word_1_22' title='bbox 1085 546 1180 626; x_wconf 61' lang='lat' dir='ltr'>prop-⁴</span> 
     </span>
     <span class='ocr_line' id='line_1_4' title="bbox 156 630 623 712; baseline 0.002 -20"><span class='ocrx_word' id='word_1_23' title='bbox 156 640 205 693; x_wconf 89' lang='lat' dir='ltr'>ter</span> <span class='ocrx_word' id='word_1_24' title='bbox 227 631 367 693; x_wconf 89' lang='lat' dir='ltr'>timorem</span> <span class='ocrx_word' id='word_1_25' title='bbox 390 630 476 712; x_wconf 86' lang='lat' dir='ltr'>signa</span> <span class='ocrx_word' id='word_1_26' title='bbox 497 630 623 693; x_wconf 91' lang='lat' dir='ltr'>laturos.</span> 
     </span>
    </p>

    <p class='ocr_par' dir='ltr' id='par_1_3' title="bbox 157 715 1233 4075">
     <span class='ocr_line' id='line_1_5' title="bbox 222 715 1223 792; baseline -0.004 -14"><span class='ocrx_word' id='word_1_27' title='bbox 222 719 306 779; x_wconf 90' lang='lat' dir='ltr'>Haec</span> <span class='ocrx_word' id='word_1_28' title='bbox 321 737 387 779; x_wconf 93' lang='lat' dir='ltr'>cum</span> <span class='ocrx_word' id='word_1_29' title='bbox 403 718 685 792; x_wconf 87' lang='lat' dir='ltr'>animadvertisset,</span> <span class='ocrx_word' id='word_1_30' title='bbox 709 726 872 780; x_wconf 90' lang='lat' dir='ltr'>convocato</span> <span class='ocrx_word' id='word_1_31' title='bbox 888 716 1012 779; x_wconf 92' lang='lat' dir='ltr'>consilio</span> <span class='ocrx_word' id='word_1_32' title='bbox 1028 715 1223 778; x_wconf 85' lang='lat' dir='ltr'>omnium-40</span> 
     </span>
     <span class='ocr_line' id='line_1_6' title="bbox 158 803 1207 885; baseline 0.004 -20"><span class='ocrx_word' id='word_1_33' title='bbox 158 823 216 885; x_wconf 91' lang='lat' dir='ltr'>qne</span> <span class='ocrx_word' id='word_1_34' title='bbox 245 804 382 866; x_wconf 89' lang='lat' dir='ltr'>ordinum</span> <span class='ocrx_word' id='word_1_35' title='bbox 410 804 502 866; x_wconf 92' lang='lat' dir='ltr'>adid</span> <span class='ocrx_word' id='word_1_36' title='bbox 529 805 685 866; x_wconf 88' lang='lat' dir='ltr'>consilium</span> <span class='ocrx_word' id='word_1_37' title='bbox 706 803 853 882; x_wconf 83' lang='lat' dir='ltr'>adhibitis</span> <span class='ocrx_word' id='word_1_38' title='bbox 876 803 1100 865; x_wconf 82' lang='lat' dir='ltr'>centurionibus</span> <span class='ocrx_word' id='word_1_39' title='bbox 1122 820 1207 869; x_wconf 81' lang='lat' dir='ltr'>ve=s</span> 
     </span>
     <span class='ocr_line' id='line_1_7' title="bbox 157 888 1180 971; baseline -0.002 -20"><span class='ocrx_word' id='word_1_40' title='bbox 157 891 316 952; x_wconf 89' lang='lat' dir='ltr'>hemeuter</span> <span class='ocrx_word' id='word_1_41' title='bbox 337 910 387 952; x_wconf 88' lang='lat' dir='ltr'>cos</span> <span class='ocrx_word' id='word_1_42' title='bbox 409 890 573 952; x_wconf 83' lang='lat' dir='ltr'>incusavit:</span> <span class='ocrx_word' id='word_1_43' title='bbox 597 892 741 970; x_wconf 91' lang='lat' dir='ltr'>primum,</span> <span class='ocrx_word' id='word_1_44' title='bbox 765 891 861 971; x_wconf 92' lang='lat' dir='ltr'>quod,</span> <span class='ocrx_word' id='word_1_45' title='bbox 884 899 938 951; x_wconf 93' lang='lat' dir='ltr'>aut</span> <span class='ocrx_word' id='word_1_46' title='bbox 954 908 1043 970; x_wconf 93' lang='lat' dir='ltr'>quam</span> <span class='ocrx_word' id='word_1_47' title='bbox 1058 888 1091 950; x_wconf 90' lang='lat' dir='ltr'>in</span> <span class='ocrx_word' id='word_1_48' title='bbox 1104 906 1180 969; x_wconf 91' lang='lat' dir='ltr'>par-</span> 
     </span>
     <span class='ocr_line' id='line_1_8' title="bbox 158 975 1182 1058; baseline -0.002 -21"><span class='ocrx_word' id='word_1_49' title='bbox 158 985 220 1038; x_wconf 87' lang='lat' dir='ltr'>tem</span> <span class='ocrx_word' id='word_1_50' title='bbox 255 986 308 1038; x_wconf 91' lang='lat' dir='ltr'>aut</span> <span class='ocrx_word' id='word_1_51' title='bbox 341 996 399 1058; x_wconf 92' lang='lat' dir='ltr'>quo</span> <span class='ocrx_word' id='word_1_52' title='bbox 434 975 556 1039; x_wconf 90' lang='lat' dir='ltr'>consilio</span> <span class='ocrx_word' id='word_1_53' title='bbox 590 978 778 1051; x_wconf 83' lang='lat' dir='ltr'>ducerentur,</span> <span class='ocrx_word' id='word_1_54' title='bbox 812 975 870 1038; x_wconf 87' lang='lat' dir='ltr'>sibi</span> <span class='ocrx_word' id='word_1_55' title='bbox 897 977 1100 1056; x_wconf 87' lang='lat' dir='ltr'>quaerendum</span> <span class='ocrx_word' id='word_1_56' title='bbox 1127 981 1182 1053; x_wconf 88' lang='lat' dir='ltr'>aut</span> 
     </span>
     <span class='ocr_line' id='line_1_9' title="bbox 159 1060 1181 1143; baseline -0.001 -19"><span class='ocrx_word' id='word_1_57' title='bbox 159 1062 352 1143; x_wconf 86' lang='lat' dir='ltr'>cogitandum</span> <span class='ocrx_word' id='word_1_58' title='bbox 380 1072 531 1143; x_wconf 88' lang='lat' dir='ltr'>putarent.</span> <span class='ocrx_word' id='word_1_59' title='bbox 575 1062 767 1126; x_wconf 86' lang='lat' dir='ltr'>Ariovistum</span> <span class='ocrx_word' id='word_1_60' title='bbox 789 1081 822 1124; x_wconf 89' lang='lat' dir='ltr'>se</span> <span class='ocrx_word' id='word_1_61' title='bbox 844 1062 967 1124; x_wconf 89' lang='lat' dir='ltr'>consule</span> <span class='ocrx_word' id='word_1_62' title='bbox 989 1060 1181 1142; x_wconf 87' lang='lat' dir='ltr'>cupidissime</span> 
     </span>
     <span class='ocr_line' id='line_1_10' title="bbox 159 1149 1182 1230; baseline -0.002 -20"><span class='ocrx_word' id='word_1_63' title='bbox 159 1149 264 1230; x_wconf 93' lang='lat' dir='ltr'>populi</span> <span class='ocrx_word' id='word_1_64' title='bbox 287 1149 419 1211; x_wconf 85' lang='lat' dir='ltr'>Romani</span> <span class='ocrx_word' id='word_1_65' title='bbox 441 1149 603 1212; x_wconf 88' lang='lat' dir='ltr'>amicitiam</span> <span class='ocrx_word' id='word_1_66' title='bbox 626 1149 795 1230; x_wconf 90' lang='lat' dir='ltr'>adpetisse;</span> <span class='ocrx_word' id='word_1_67' title='bbox 817 1167 869 1211; x_wconf 92' lang='lat' dir='ltr'>eur</span> <span class='ocrx_word' id='word_1_68' title='bbox 889 1150 970 1210; x_wconf 93' lang='lat' dir='ltr'>hunc</span> <span class='ocrx_word' id='word_1_69' title='bbox 991 1156 1054 1210; x_wconf 90' lang='lat' dir='ltr'>tam</span> <span class='ocrx_word' id='word_1_70' title='bbox 1069 1155 1182 1209; x_wconf 88' lang='lat' dir='ltr'>temere</span> 
     </span>
     <span class='ocr_line' id='line_1_11' title="bbox 159 1231 1225 1316; baseline 0.002 -20"><span class='ocrx_word' id='word_1_71' title='bbox 159 1235 320 1316; x_wconf 87' lang='lat' dir='ltr'>quisquam</span> <span class='ocrx_word' id='word_1_72' title='bbox 348 1236 387 1296; x_wconf 90' lang='lat' dir='ltr'>ab</span> <span class='ocrx_word' id='word_1_73' title='bbox 416 1236 512 1297; x_wconf 88' lang='lat' dir='ltr'>officio</span> <span class='ocrx_word' id='word_1_74' title='bbox 541 1237 743 1300; x_wconf 89' lang='lat' dir='ltr'>discessurum</span> <span class='ocrx_word' id='word_1_75' title='bbox 765 1233 930 1297; x_wconf 80' lang='lat' dir='ltr'>iudicaret?</span> <span class='ocrx_word' id='word_1_76' title='bbox 973 1231 1040 1297; x_wconf 88' lang='lat' dir='ltr'>Sibi</span> <span class='ocrx_word' id='word_1_77' title='bbox 1062 1233 1183 1314; x_wconf 91' lang='lat' dir='ltr'>quidem</span> <span class='ocrx_word' id='word_1_78' title='bbox 1196 1259 1225 1298; x_wconf 82' lang='lat' dir='ltr'>ru</span> 
     </span>
     <span class='ocr_line' id='line_1_12' title="bbox 159 1318 1182 1403; baseline -0.002 -21"><span class='ocrx_word' id='word_1_79' title='bbox 159 1322 334 1401; x_wconf 89' lang='lat' dir='ltr'>persuaderi</span> <span class='ocrx_word' id='word_1_80' title='bbox 361 1323 487 1403; x_wconf 90' lang='lat' dir='ltr'>coguitis</span> <span class='ocrx_word' id='word_1_81' title='bbox 516 1323 579 1385; x_wconf 87' lang='lat' dir='ltr'>suis</span> <span class='ocrx_word' id='word_1_82' title='bbox 601 1322 764 1402; x_wconf 87' lang='lat' dir='ltr'>postulatis</span> <span class='ocrx_word' id='word_1_83' title='bbox 787 1330 878 1402; x_wconf 88' lang='lat' dir='ltr'>atque</span> <span class='ocrx_word' id='word_1_84' title='bbox 901 1320 1053 1401; x_wconf 86' lang='lat' dir='ltr'>aequitate</span> <span class='ocrx_word' id='word_1_85' title='bbox 1075 1318 1182 1381; x_wconf 91' lang='lat' dir='ltr'>condi-</span> 
     </span>
     <span class='ocr_line' id='line_1_13' title="bbox 159 1405 1184 1489; baseline -0.001 -20"><span class='ocrx_word' id='word_1_86' title='bbox 159 1407 277 1469; x_wconf 92' lang='lat' dir='ltr'>cionum</span> <span class='ocrx_word' id='word_1_87' title='bbox 304 1417 463 1488; x_wconf 86' lang='lat' dir='ltr'>perspecta</span> <span class='ocrx_word' id='word_1_88' title='bbox 491 1428 560 1470; x_wconf 92' lang='lat' dir='ltr'>eum</span> <span class='ocrx_word' id='word_1_89' title='bbox 580 1428 677 1489; x_wconf 89' lang='lat' dir='ltr'>neque</span> <span class='ocrx_word' id='word_1_90' title='bbox 699 1427 787 1470; x_wconf 90' lang='lat' dir='ltr'>suam</span> <span class='ocrx_word' id='word_1_91' title='bbox 809 1426 906 1489; x_wconf 89' lang='lat' dir='ltr'>neque</span> <span class='ocrx_word' id='word_1_92' title='bbox 926 1407 1029 1486; x_wconf 93' lang='lat' dir='ltr'>populi</span> <span class='ocrx_word' id='word_1_93' title='bbox 1050 1405 1184 1468; x_wconf 88' lang='lat' dir='ltr'>Romani</span> 
     </span>
     <span class='ocr_line' id='line_1_14' title="bbox 159 1491 1184 1575; baseline -0.003 -19"><span class='ocrx_word' id='word_1_94' title='bbox 159 1494 288 1574; x_wconf 87' lang='lat' dir='ltr'>gratiam</span> <span class='ocrx_word' id='word_1_95' title='bbox 320 1496 556 1575; x_wconf 89' lang='lat' dir='ltr'>repudiaturum.</span> <span class='ocrx_word' id='word_1_96' title='bbox 613 1493 703 1564; x_wconf 84' lang='lat' dir='ltr'>Quod</span> <span class='ocrx_word' id='word_1_97' title='bbox 736 1495 763 1556; x_wconf 91' lang='lat' dir='ltr'>si</span> <span class='ocrx_word' id='word_1_98' title='bbox 794 1494 895 1555; x_wconf 85' lang='lat' dir='ltr'>furore</span> <span class='ocrx_word' id='word_1_99' title='bbox 928 1501 1018 1573; x_wconf 90' lang='lat' dir='ltr'>atque</span> <span class='ocrx_word' id='word_1_100' title='bbox 1050 1491 1184 1554; x_wconf 89' lang='lat' dir='ltr'>amentia</span> 
     </span>
     <span class='ocr_line' id='line_1_15' title="bbox 157 1576 1185 1661; baseline -0.002 -20"><span class='ocrx_word' id='word_1_101' title='bbox 157 1580 306 1660; x_wconf 89' lang='lat' dir='ltr'>impulsus</span> <span class='ocrx_word' id='word_1_102' title='bbox 328 1580 441 1642; x_wconf 89' lang='lat' dir='ltr'>bellum</span> <span class='ocrx_word' id='word_1_103' title='bbox 463 1581 632 1655; x_wconf 90' lang='lat' dir='ltr'>intulisset,</span> <span class='ocrx_word' id='word_1_104' title='bbox 662 1581 732 1661; x_wconf 92' lang='lat' dir='ltr'>quid</span> <span class='ocrx_word' id='word_1_105' title='bbox 757 1581 880 1642; x_wconf 90' lang='lat' dir='ltr'>taudem</span> <span class='ocrx_word' id='word_1_106' title='bbox 903 1576 1097 1640; x_wconf 85' lang='lat' dir='ltr'>vererentur?</span> <span class='ocrx_word' id='word_1_107' title='bbox 1129 1584 1185 1639; x_wconf 89' lang='lat' dir='ltr'>aut</span> 
     </span>
     <span class='ocr_line' id='line_1_16' title="bbox 158 1661 1226 1747; baseline 0 -19"><span class='ocrx_word' id='word_1_108' title='bbox 158 1685 212 1728; x_wconf 92' lang='lat' dir='ltr'>cur</span> <span class='ocrx_word' id='word_1_109' title='bbox 244 1667 281 1727; x_wconf 89' lang='lat' dir='ltr'>de</span> <span class='ocrx_word' id='word_1_110' title='bbox 309 1685 365 1728; x_wconf 90' lang='lat' dir='ltr'>sua</span> <span class='ocrx_word' id='word_1_111' title='bbox 391 1668 504 1728; x_wconf 88' lang='lat' dir='ltr'>virtute</span> <span class='ocrx_word' id='word_1_112' title='bbox 532 1676 587 1728; x_wconf 91' lang='lat' dir='ltr'>aut</span> <span class='ocrx_word' id='word_1_113' title='bbox 615 1668 652 1728; x_wconf 89' lang='lat' dir='ltr'>de</span> <span class='ocrx_word' id='word_1_114' title='bbox 673 1667 768 1746; x_wconf 89' lang='lat' dir='ltr'>ipsius</span> <span class='ocrx_word' id='word_1_115' title='bbox 790 1665 947 1747; x_wconf 91' lang='lat' dir='ltr'>diligentia</span> <span class='ocrx_word' id='word_1_116' title='bbox 968 1661 1184 1744; x_wconf 75' lang='lat' dir='ltr'>desperarent?</span> <span class='ocrx_word' id='word_1_117' title='bbox 1199 1689 1226 1728; x_wconf 63' lang='grc' dir='ltr'>ιε</span> 
     </span>
     <span class='ocr_line' id='line_1_17' title="bbox 158 1752 1185 1833; baseline -0.001 -21"><span class='ocrx_word' id='word_1_118' title='bbox 158 1752 291 1813; x_wconf 88' lang='lat' dir='ltr'>Factum</span> <span class='ocrx_word' id='word_1_119' title='bbox 319 1753 382 1814; x_wconf 91' lang='lat' dir='ltr'>eius</span> <span class='ocrx_word' id='word_1_120' title='bbox 409 1753 507 1814; x_wconf 88' lang='lat' dir='ltr'>hostis</span> <span class='ocrx_word' id='word_1_121' title='bbox 534 1752 698 1832; x_wconf 89' lang='lat' dir='ltr'>periculum</span> <span class='ocrx_word' id='word_1_122' title='bbox 724 1760 846 1833; x_wconf 89' lang='lat' dir='ltr'>patrum</span> <span class='ocrx_word' id='word_1_123' title='bbox 873 1760 1045 1812; x_wconf 90' lang='lat' dir='ltr'>nostrorum</span> <span class='ocrx_word' id='word_1_124' title='bbox 1068 1767 1185 1811; x_wconf 90' lang='lat' dir='ltr'>memo·</span> 
     </span>
     <span class='ocr_line' id='line_1_18' title="bbox 161 1835 1186 1916; baseline -0.001 -18"><span class='ocrx_word' id='word_1_125' title='bbox 161 1838 227 1910; x_wconf 88' lang='lat' dir='ltr'>ria,</span> <span class='ocrx_word' id='word_1_126' title='bbox 261 1855 328 1898; x_wconf 90' lang='lat' dir='ltr'>cum</span> <span class='ocrx_word' id='word_1_127' title='bbox 351 1838 481 1901; x_wconf 81' lang='lat' dir='ltr'>Cimbris</span> <span class='ocrx_word' id='word_1_128' title='bbox 509 1847 540 1900; x_wconf 92' lang='lat' dir='ltr'>et</span> <span class='ocrx_word' id='word_1_129' title='bbox 567 1838 712 1900; x_wconf 86' lang='lat' dir='ltr'>Teutonis</span> <span class='ocrx_word' id='word_1_130' title='bbox 740 1858 759 1900; x_wconf 94' lang='lat' dir='ltr'>a</span> <span class='ocrx_word' id='word_1_131' title='bbox 784 1836 862 1898; x_wconf 87' lang='lat' dir='ltr'>Gaio</span> <span class='ocrx_word' id='word_1_132' title='bbox 883 1837 984 1898; x_wconf 89' lang='lat' dir='ltr'>Mario</span> <span class='ocrx_word' id='word_1_133' title='bbox 1006 1835 1102 1916; x_wconf 92' lang='lat' dir='ltr'>pulsis</span> <span class='ocrx_word' id='word_1_134' title='bbox 1125 1855 1186 1898; x_wconf 90' lang='lat' dir='ltr'>non</span> 
     </span>
     <span class='ocr_line' id='line_1_19' title="bbox 160 1922 1185 2005; baseline -0.002 -19"><span class='ocrx_word' id='word_1_135' title='bbox 160 1924 308 1986; x_wconf 85' lang='lat' dir='ltr'>minorem</span> <span class='ocrx_word' id='word_1_136' title='bbox 336 1925 460 1987; x_wconf 83' lang='lat' dir='ltr'>laudem·</span> <span class='ocrx_word' id='word_1_137' title='bbox 478 1925 633 1986; x_wconf 85' lang='lat' dir='ltr'>exercitus</span> <span class='ocrx_word' id='word_1_138' title='bbox 662 1943 751 2005; x_wconf 89' lang='lat' dir='ltr'>quam</span> <span class='ocrx_word' id='word_1_139' title='bbox 778 1924 844 2004; x_wconf 91' lang='lat' dir='ltr'>ipse</span> <span class='ocrx_word' id='word_1_140' title='bbox 872 1923 1037 2003; x_wconf 90' lang='lat' dir='ltr'>imperator</span> <span class='ocrx_word' id='word_1_141' title='bbox 1058 1922 1185 1984; x_wconf 89' lang='lat' dir='ltr'>meritus</span> 
     </span>
     <span class='ocr_line' id='line_1_20' title="bbox 159 2009 1184 2091; baseline -0.001 -21"><span class='ocrx_word' id='word_1_142' title='bbox 159 2010 339 2085; x_wconf 82' lang='lat' dir='ltr'>videbatur3</span> <span class='ocrx_word' id='word_1_143' title='bbox 367 2012 481 2072; x_wconf 86' lang='lat' dir='ltr'>factum</span> <span class='ocrx_word' id='word_1_144' title='bbox 510 2011 602 2072; x_wconf 89' lang='lat' dir='ltr'>etiam</span> <span class='ocrx_word' id='word_1_145' title='bbox 630 2030 725 2091; x_wconf 91' lang='lat' dir='ltr'>nuper</span> <span class='ocrx_word' id='word_1_146' title='bbox 745 2009 777 2071; x_wconf 91' lang='lat' dir='ltr'>in</span> <span class='ocrx_word' id='word_1_147' title='bbox 798 2009 891 2071; x_wconf 91' lang='lat' dir='ltr'>Italia</span> <span class='ocrx_word' id='word_1_148' title='bbox 913 2009 1015 2071; x_wconf 89' lang='lat' dir='ltr'>servili</span> <span class='ocrx_word' id='word_1_149' title='bbox 1036 2009 1184 2082; x_wconf 87' lang='lat' dir='ltr'>tumultu,</span> 
     </span>
     <span class='ocr_line' id='line_1_21' title="bbox 161 2094 1229 2178; baseline 0.003 -21"><span class='ocrx_word' id='word_1_150' title='bbox 161 2115 236 2178; x_wconf 94' lang='lat' dir='ltr'>quos</span> <span class='ocrx_word' id='word_1_151' title='bbox 264 2104 366 2158; x_wconf 92' lang='lat' dir='ltr'>tamen</span> <span class='ocrx_word' id='word_1_152' title='bbox 389 2097 503 2177; x_wconf 90' lang='lat' dir='ltr'>aliquid</span> <span class='ocrx_word' id='word_1_153' title='bbox 524 2116 597 2159; x_wconf 82' lang='lat' dir='ltr'>usus</span> <span class='ocrx_word' id='word_1_154' title='bbox 621 2115 657 2158; x_wconf 87' lang='lat' dir='ltr'>ac</span> <span class='ocrx_word' id='word_1_155' title='bbox 678 2096 852 2176; x_wconf 83' lang='lat' dir='ltr'>disciplina,</span> <span class='ocrx_word' id='word_1_156' title='bbox 881 2115 958 2176; x_wconf 90' lang='lat' dir='ltr'>quae</span> <span class='ocrx_word' id='word_1_157' title='bbox 980 2114 1000 2156; x_wconf 91' lang='lat' dir='ltr'>a</span> <span class='ocrx_word' id='word_1_158' title='bbox 1021 2094 1109 2157; x_wconf 90' lang='lat' dir='ltr'>nobis</span> <span class='ocrx_word' id='word_1_159' title='bbox 1132 2112 1186 2156; x_wconf 88' lang='lat' dir='ltr'>ao·</span> <span class='ocrx_word' id='word_1_160' title='bbox 1199 2122 1229 2160; x_wconf 81' lang='lat' dir='ltr'>ro</span> 
     </span>
     <span class='ocr_line' id='line_1_22' title="bbox 161 2182 1186 2263; baseline -0.001 -20"><span class='ocrx_word' id='word_1_161' title='bbox 161 2182 330 2262; x_wconf 85' lang='lat' dir='ltr'>cepissent,</span> <span class='ocrx_word' id='word_1_162' title='bbox 359 2184 563 2246; x_wconf 87' lang='lat' dir='ltr'>sublevarent.</span> <span class='ocrx_word' id='word_1_163' title='bbox 606 2183 656 2244; x_wconf 85' lang='lat' dir='ltr'>Ex</span> <span class='ocrx_word' id='word_1_164' title='bbox 678 2202 736 2263; x_wconf 89' lang='lat' dir='ltr'>quo</span> <span class='ocrx_word' id='word_1_165' title='bbox 758 2182 883 2244; x_wconf 90' lang='lat' dir='ltr'>iudicari</span> <span class='ocrx_word' id='word_1_166' title='bbox 904 2201 1010 2263; x_wconf 85' lang='lat' dir='ltr'>posse,</span> <span class='ocrx_word' id='word_1_167' title='bbox 1039 2189 1186 2262; x_wconf 86' lang='lat' dir='ltr'>quantum</span> 
     </span>
     <span class='ocr_line' id='line_1_23' title="bbox 162 2266 1187 2350; baseline -0.001 -20"><span class='ocrx_word' id='word_1_168' title='bbox 162 2269 288 2330; x_wconf 89' lang='lat' dir='ltr'>haberet</span> <span class='ocrx_word' id='word_1_169' title='bbox 308 2270 341 2331; x_wconf 94' lang='lat' dir='ltr'>in</span> <span class='ocrx_word' id='word_1_170' title='bbox 363 2290 396 2331; x_wconf 89' lang='lat' dir='ltr'>se</span> <span class='ocrx_word' id='word_1_171' title='bbox 417 2270 489 2332; x_wconf 92' lang='lat' dir='ltr'>boni</span> <span class='ocrx_word' id='word_1_172' title='bbox 511 2270 697 2343; x_wconf 86' lang='lat' dir='ltr'>constantia,</span> <span class='ocrx_word' id='word_1_173' title='bbox 725 2278 886 2350; x_wconf 89' lang='lat' dir='ltr'>propterea</span> <span class='ocrx_word' id='word_1_174' title='bbox 907 2269 1002 2349; x_wconf 91' lang='lat' dir='ltr'>quod,</span> <span class='ocrx_word' id='word_1_175' title='bbox 1025 2286 1101 2348; x_wconf 92' lang='lat' dir='ltr'>quos</span> <span class='ocrx_word' id='word_1_176' title='bbox 1127 2266 1187 2329; x_wconf 90' lang='lat' dir='ltr'>ali-</span> 
     </span>
     <span class='ocr_line' id='line_1_24' title="bbox 162 2354 1187 2436; baseline -0.001 -20"><span class='ocrx_word' id='word_1_177' title='bbox 162 2355 305 2434; x_wconf 89' lang='lat' dir='ltr'>quamdiu</span> <span class='ocrx_word' id='word_1_178' title='bbox 331 2356 462 2418; x_wconf 90' lang='lat' dir='ltr'>inermos</span> <span class='ocrx_word' id='word_1_179' title='bbox 491 2356 556 2418; x_wconf 90' lang='lat' dir='ltr'>sine</span> <span class='ocrx_word' id='word_1_180' title='bbox 579 2374 672 2418; x_wconf 83' lang='lat' dir='ltr'>causa</span> <span class='ocrx_word' id='word_1_181' title='bbox 693 2355 881 2428; x_wconf 88' lang='lat' dir='ltr'>timuissent,</span> <span class='ocrx_word' id='word_1_182' title='bbox 914 2354 970 2417; x_wconf 87' lang='lat' dir='ltr'>hos</span> <span class='ocrx_word' id='word_1_183' title='bbox 997 2363 1105 2436; x_wconf 87' lang='lat' dir='ltr'>postea</span> <span class='ocrx_word' id='word_1_184' title='bbox 1133 2372 1187 2416; x_wconf 92' lang='lat' dir='ltr'>ar-</span> 
     </span>
     <span class='ocr_line' id='line_1_25' title="bbox 162 2441 1185 2524; baseline -0.002 -21"><span class='ocrx_word' id='word_1_185' title='bbox 162 2451 261 2504; x_wconf 89' lang='lat' dir='ltr'>matos</span> <span class='ocrx_word' id='word_1_186' title='bbox 294 2460 330 2504; x_wconf 90' lang='lat' dir='ltr'>ac</span> <span class='ocrx_word' id='word_1_187' title='bbox 361 2443 491 2504; x_wconf 88' lang='lat' dir='ltr'>victores</span> <span class='ocrx_word' id='word_1_188' title='bbox 519 2451 724 2524; x_wconf 88' lang='lat' dir='ltr'>superassent.</span> <span class='ocrx_word' id='word_1_189' title='bbox 768 2441 907 2521; x_wconf 91' lang='lat' dir='ltr'>Denique</span> <span class='ocrx_word' id='word_1_190' title='bbox 933 2442 990 2503; x_wconf 93' lang='lat' dir='ltr'>hos</span> <span class='ocrx_word' id='word_1_191' title='bbox 1017 2459 1085 2502; x_wconf 88' lang='lat' dir='ltr'>esse</span> <span class='ocrx_word' id='word_1_192' title='bbox 1113 2458 1185 2502; x_wconf 87' lang='lat' dir='ltr'>eos-</span> 
     </span>
     <span class='ocr_line' id='line_1_26' title="bbox 163 2527 1228 2610; baseline 0.004 -22"><span class='ocrx_word' id='word_1_193' title='bbox 163 2528 246 2600; x_wconf 92' lang='lat' dir='ltr'>dem,</span> <span class='ocrx_word' id='word_1_194' title='bbox 275 2529 451 2608; x_wconf 89' lang='lat' dir='ltr'>quibuscum</span> <span class='ocrx_word' id='word_1_195' title='bbox 478 2546 693 2610; x_wconf 81' lang='lat' dir='ltr'>saepenumero</span> <span class='ocrx_word' id='word_1_196' title='bbox 707 2527 853 2609; x_wconf 85' lang='lat' dir='ltr'>¹Helvetii</span> <span class='ocrx_word' id='word_1_197' title='bbox 874 2527 1026 2609; x_wconf 84' lang='lat' dir='ltr'>congressi</span> <span class='ocrx_word' id='word_1_198' title='bbox 1048 2545 1110 2589; x_wconf 94' lang='lat' dir='ltr'>non</span> <span class='ocrx_word' id='word_1_199' title='bbox 1131 2545 1186 2588; x_wconf 92' lang='lat' dir='ltr'>so·</span> <span class='ocrx_word' id='word_1_200' title='bbox 1199 2553 1228 2592; x_wconf 81' lang='lat' dir='ltr'>aa</span> 
     </span>
     <span class='ocr_line' id='line_1_27' title="bbox 163 2612 1186 2695; baseline -0.001 -21"><span class='ocrx_word' id='word_1_201' title='bbox 163 2612 226 2675; x_wconf 92' lang='lat' dir='ltr'>lum</span> <span class='ocrx_word' id='word_1_202' title='bbox 253 2613 285 2675; x_wconf 94' lang='lat' dir='ltr'>in</span> <span class='ocrx_word' id='word_1_203' title='bbox 308 2615 386 2690; x_wconf 86' lang='lat' dir='ltr'>suis,</span> <span class='ocrx_word' id='word_1_204' title='bbox 413 2616 468 2678; x_wconf 86' lang='lat' dir='ltr'>sed</span> <span class='ocrx_word' id='word_1_205' title='bbox 491 2616 581 2677; x_wconf 91' lang='lat' dir='ltr'>etiam</span> <span class='ocrx_word' id='word_1_206' title='bbox 603 2615 635 2677; x_wconf 92' lang='lat' dir='ltr'>in</span> <span class='ocrx_word' id='word_1_207' title='bbox 656 2612 776 2677; x_wconf 89' lang='lat' dir='ltr'>illorum</span> <span class='ocrx_word' id='word_1_208' title='bbox 797 2615 908 2676; x_wconf 91' lang='lat' dir='ltr'>finibus</span> <span class='ocrx_word' id='word_1_209' title='bbox 929 2612 1107 2695; x_wconf 90' lang='lat' dir='ltr'>plemmque</span> <span class='ocrx_word' id='word_1_210' title='bbox 1129 2631 1186 2674; x_wconf 90' lang='lat' dir='ltr'>su-</span> 
     </span>
     <span class='ocr_line' id='line_1_28' title="bbox 162 2699 1187 2783; baseline -0.002 -22"><span class='ocrx_word' id='word_1_211' title='bbox 162 2700 313 2781; x_wconf 90' lang='lat' dir='ltr'>perarint,</span> <span class='ocrx_word' id='word_1_212' title='bbox 343 2700 525 2783; x_wconf 55' lang='lat' dir='ltr'>quiitameu</span> <span class='ocrx_word' id='word_1_213' title='bbox 551 2720 642 2782; x_wconf 82' lang='lat' dir='ltr'>parea</span> <span class='ocrx_word' id='word_1_214' title='bbox 664 2721 731 2763; x_wconf 88' lang='lat' dir='ltr'>esse</span> <span class='ocrx_word' id='word_1_215' title='bbox 752 2710 856 2763; x_wconf 89' lang='lat' dir='ltr'>nostro</span> <span class='ocrx_word' id='word_1_216' title='bbox 880 2699 1105 2762; x_wconf 84' lang='lat' dir='ltr'>exercituiuon</span> <span class='ocrx_word' id='word_1_217' title='bbox 1126 2718 1187 2779; x_wconf 93' lang='lat' dir='ltr'>po-</span> 
     </span>
     <span class='ocr_line' id='line_1_29' title="bbox 163 2783 1187 2868; baseline -0.002 -20"><span class='ocrx_word' id='word_1_218' title='bbox 163 2787 284 2848; x_wconf 78' lang='lat' dir='ltr'>tuerint</span> <span class='ocrx_word' id='word_1_219' title='bbox 330 2786 365 2849; x_wconf 78' lang='lat' dir='ltr'>Si</span> <span class='ocrx_word' id='word_1_220' title='bbox 397 2790 472 2868; x_wconf 67' lang='lat' dir='ltr'>quos</span> <span class='ocrx_word' id='word_1_221' title='bbox 506 2789 667 2849; x_wconf 87' lang='lat' dir='ltr'>adversmu</span> <span class='ocrx_word' id='word_1_222' title='bbox 699 2788 845 2867; x_wconf 88' lang='lat' dir='ltr'>proelium</span> <span class='ocrx_word' id='word_1_223' title='bbox 874 2796 905 2848; x_wconf 90' lang='lat' dir='ltr'>et</span> <span class='ocrx_word' id='word_1_224' title='bbox 930 2788 1002 2866; x_wconf 87' lang='lat' dir='ltr'>fuga</span> <span class='ocrx_word' id='word_1_225' title='bbox 1029 2783 1187 2848; x_wconf 85' lang='lat' dir='ltr'>Gallorum</span> 
     </span>
     <span class='ocr_line' id='line_1_30' title="bbox 164 2872 1187 2954; baseline -0.001 -19"><span class='ocrx_word' id='word_1_226' title='bbox 164 2881 381 2946; x_wconf 87' lang='lat' dir='ltr'>commoveret,</span> <span class='ocrx_word' id='word_1_227' title='bbox 409 2873 483 2947; x_wconf 90' lang='lat' dir='ltr'>hos,</span> <span class='ocrx_word' id='word_1_228' title='bbox 512 2873 539 2935; x_wconf 90' lang='lat' dir='ltr'>si</span> <span class='ocrx_word' id='word_1_229' title='bbox 568 2883 761 2953; x_wconf 89' lang='lat' dir='ltr'>quaererent,</span> <span class='ocrx_word' id='word_1_230' title='bbox 794 2873 924 2953; x_wconf 89' lang='lat' dir='ltr'>reperire</span> <span class='ocrx_word' id='word_1_231' title='bbox 949 2891 1040 2954; x_wconf 88' lang='lat' dir='ltr'>posse</span> <span class='ocrx_word' id='word_1_232' title='bbox 1068 2872 1187 2934; x_wconf 88' lang='lat' dir='ltr'>diutur-</span> 
     </span>
     <span class='ocr_line' id='line_1_31' title="bbox 159 2957 1230 3040; baseline 0.001 -17"><span class='ocrx_word' id='word_1_233' title='bbox 159 2958 261 3024; x_wconf 83' lang='lat' dir='ltr'>nitate</span> <span class='ocrx_word' id='word_1_234' title='bbox 293 2959 364 3020; x_wconf 92' lang='lat' dir='ltr'>belli</span> <span class='ocrx_word' id='word_1_235' title='bbox 397 2959 568 3040; x_wconf 78' lang='lat' dir='ltr'>defetigatis</span> <span class='ocrx_word' id='word_1_236' title='bbox 602 2957 700 3021; x_wconf 87' lang='lat' dir='ltr'>Gallis</span> <span class='ocrx_word' id='word_1_237' title='bbox 733 2959 939 3032; x_wconf 87' lang='lat' dir='ltr'>Ariovistum,</span> <span class='ocrx_word' id='word_1_238' title='bbox 976 2976 1043 3020; x_wconf 93' lang='lat' dir='ltr'>cum</span> <span class='ocrx_word' id='word_1_239' title='bbox 1074 2958 1187 3019; x_wconf 91' lang='lat' dir='ltr'>multos</span> <span class='ocrx_word' id='word_1_240' title='bbox 1201 2985 1230 3023; x_wconf 83' lang='lat' dir='ltr'>ao</span> 
     </span>
     <span class='ocr_line' id='line_1_32' title="bbox 164 3044 1187 3125; baseline -0.002 -19"><span class='ocrx_word' id='word_1_241' title='bbox 164 3063 286 3106; x_wconf 89' lang='lat' dir='ltr'>menses</span> <span class='ocrx_word' id='word_1_242' title='bbox 314 3044 421 3107; x_wconf 89' lang='lat' dir='ltr'>castris</span> <span class='ocrx_word' id='word_1_243' title='bbox 445 3065 478 3106; x_wconf 87' lang='lat' dir='ltr'>se</span> <span class='ocrx_word' id='word_1_244' title='bbox 500 3065 536 3106; x_wconf 87' lang='lat' dir='ltr'>ac</span> <span class='ocrx_word' id='word_1_245' title='bbox 556 3044 716 3125; x_wconf 89' lang='lat' dir='ltr'>paludibus</span> <span class='ocrx_word' id='word_1_246' title='bbox 739 3046 888 3107; x_wconf 87' lang='lat' dir='ltr'>tenuisset</span> <span class='ocrx_word' id='word_1_247' title='bbox 909 3063 1007 3124; x_wconf 90' lang='lat' dir='ltr'>neque</span> <span class='ocrx_word' id='word_1_248' title='bbox 1029 3044 1076 3104; x_wconf 90' lang='lat' dir='ltr'>sui</span> <span class='ocrx_word' id='word_1_249' title='bbox 1097 3052 1187 3124; x_wconf 92' lang='lat' dir='ltr'>pote-</span> 
     </span>
     <span class='ocr_line' id='line_1_33' title="bbox 165 3129 1187 3211; baseline -0.002 -18"><span class='ocrx_word' id='word_1_250' title='bbox 165 3139 278 3193; x_wconf 89' lang='lat' dir='ltr'>statem</span> <span class='ocrx_word' id='word_1_251' title='bbox 310 3132 446 3207; x_wconf 85' lang='lat' dir='ltr'>fecisset,</span> <span class='ocrx_word' id='word_1_252' title='bbox 481 3132 674 3210; x_wconf 89' lang='lat' dir='ltr'>desperantes</span> <span class='ocrx_word' id='word_1_253' title='bbox 695 3131 758 3192; x_wconf 90' lang='lat' dir='ltr'>iam</span> <span class='ocrx_word' id='word_1_254' title='bbox 780 3133 817 3192; x_wconf 89' lang='lat' dir='ltr'>de</span> <span class='ocrx_word' id='word_1_255' title='bbox 844 3149 944 3211; x_wconf 89' lang='lat' dir='ltr'>pugna</span> <span class='ocrx_word' id='word_1_256' title='bbox 974 3139 1005 3192; x_wconf 90' lang='lat' dir='ltr'>et</span> <span class='ocrx_word' id='word_1_257' title='bbox 1034 3129 1187 3209; x_wconf 88' lang='lat' dir='ltr'>dispersos</span> 
     </span>
     <span class='ocr_line' id='line_1_34' title="bbox 166 3216 1189 3298; baseline -0.002 -19"><span class='ocrx_word' id='word_1_258' title='bbox 166 3217 268 3279; x_wconf 88' lang='lat' dir='ltr'>subito</span> <span class='ocrx_word' id='word_1_259' title='bbox 302 3220 439 3280; x_wconf 89' lang='lat' dir='ltr'>adortum</span> <span class='ocrx_word' id='word_1_260' title='bbox 472 3217 568 3298; x_wconf 87' lang='lat' dir='ltr'>magis</span> <span class='ocrx_word' id='word_1_261' title='bbox 601 3217 718 3278; x_wconf 89' lang='lat' dir='ltr'>ratione</span> <span class='ocrx_word' id='word_1_262' title='bbox 747 3225 777 3277; x_wconf 92' lang='lat' dir='ltr'>et</span> <span class='ocrx_word' id='word_1_263' title='bbox 809 3216 931 3279; x_wconf 90' lang='lat' dir='ltr'>consilio</span> <span class='ocrx_word' id='word_1_264' title='bbox 960 3233 1050 3296; x_wconf 91' lang='lat' dir='ltr'>quam</span> <span class='ocrx_word' id='word_1_265' title='bbox 1077 3216 1189 3277; x_wconf 87' lang='lat' dir='ltr'>virtute</span> 
     </span>
     <span class='ocr_line' id='line_1_35' title="bbox 166 3301 1187 3380; baseline -0.003 -15"><span class='ocrx_word' id='word_1_266' title='bbox 166 3303 285 3365; x_wconf 86' lang='lat' dir='ltr'>vicisse.</span> <span class='ocrx_word' id='word_1_267' title='bbox 331 3303 387 3366; x_wconf 86' lang='lat' dir='ltr'>Cui</span> <span class='ocrx_word' id='word_1_268' title='bbox 414 3303 526 3366; x_wconf 91' lang='lat' dir='ltr'>rationi</span> <span class='ocrx_word' id='word_1_269' title='bbox 553 3312 658 3365; x_wconf 88' lang='lat' dir='ltr'>contra</span> <span class='ocrx_word' id='word_1_270' title='bbox 686 3303 823 3365; x_wconf 88' lang='lat' dir='ltr'>homines</span> <span class='ocrx_word' id='word_1_271' title='bbox 844 3304 992 3365; x_wconf 88' lang='lat' dir='ltr'>barbaros</span> <span class='ocrx_word' id='word_1_272' title='bbox 1015 3311 1106 3380; x_wconf 91' lang='lat' dir='ltr'>atque</span> <span class='ocrx_word' id='word_1_273' title='bbox 1126 3301 1187 3362; x_wconf 91' lang='lat' dir='ltr'>im-</span> 
     </span>
     <span class='ocr_line' id='line_1_36' title="bbox 166 3388 1231 3471; baseline 0.001 -20"><span class='ocrx_word' id='word_1_274' title='bbox 166 3388 281 3471; x_wconf 89' lang='lat' dir='ltr'>peritos</span> <span class='ocrx_word' id='word_1_275' title='bbox 304 3389 387 3452; x_wconf 91' lang='lat' dir='ltr'>locus</span> <span class='ocrx_word' id='word_1_276' title='bbox 409 3391 531 3464; x_wconf 87' lang='lat' dir='ltr'>luisset,</span> <span class='ocrx_word' id='word_1_277' title='bbox 565 3390 623 3452; x_wconf 87' lang='lat' dir='ltr'>hac</span> <span class='ocrx_word' id='word_1_278' title='bbox 650 3409 687 3451; x_wconf 89' lang='lat' dir='ltr'>ne</span> <span class='ocrx_word' id='word_1_279' title='bbox 715 3389 813 3469; x_wconf 89' lang='lat' dir='ltr'>ipsum</span> <span class='ocrx_word' id='word_1_280' title='bbox 842 3389 962 3469; x_wconf 89' lang='lat' dir='ltr'>quidem</span> <span class='ocrx_word' id='word_1_281' title='bbox 985 3405 1108 3467; x_wconf 87' lang='lat' dir='ltr'>sperare</span> <span class='ocrx_word' id='word_1_282' title='bbox 1131 3406 1189 3448; x_wconf 93' lang='lat' dir='ltr'>no·</span> <span class='ocrx_word' id='word_1_283' title='bbox 1202 3413 1231 3452; x_wconf 83' lang='lat' dir='ltr'>es</span> 
     </span>
     <span class='ocr_line' id='line_1_37' title="bbox 166 3471 1189 3558; baseline -0.002 -21"><span class='ocrx_word' id='word_1_284' title='bbox 166 3485 248 3538; x_wconf 86' lang='lat' dir='ltr'>stros</span> <span class='ocrx_word' id='word_1_285' title='bbox 281 3477 429 3539; x_wconf 88' lang='lat' dir='ltr'>exercitus</span> <span class='ocrx_word' id='word_1_286' title='bbox 463 3477 530 3558; x_wconf 90' lang='lat' dir='ltr'>capi</span> <span class='ocrx_word' id='word_1_287' title='bbox 561 3496 661 3556; x_wconf 85' lang='lat' dir='ltr'>posse.</span> <span class='ocrx_word' id='word_1_288' title='bbox 707 3471 768 3546; x_wconf 80' lang='lat' dir='ltr'>Qui</span> <span class='ocrx_word' id='word_1_289' title='bbox 801 3494 888 3538; x_wconf 90' lang='lat' dir='ltr'>suum</span> <span class='ocrx_word' id='word_1_290' title='bbox 920 3474 1057 3536; x_wconf 90' lang='lat' dir='ltr'>timorem</span> <span class='ocrx_word' id='word_1_291' title='bbox 1085 3473 1117 3535; x_wconf 94' lang='lat' dir='ltr'>in</span> <span class='ocrx_word' id='word_1_292' title='bbox 1144 3473 1189 3536; x_wconf 90' lang='lat' dir='ltr'>rei</span> 
     </span>
     <span class='ocr_line' id='line_1_38' title="bbox 166 3558 1190 3644; baseline -0.004 -19"><span class='ocrx_word' id='word_1_293' title='bbox 166 3563 379 3625; x_wconf 80' lang='lat' dir='ltr'>frumentariae</span> <span class='ocrx_word' id='word_1_294' title='bbox 401 3563 622 3625; x_wconf 88' lang='lat' dir='ltr'>simulationem</span> <span class='ocrx_word' id='word_1_295' title='bbox 644 3563 859 3644; x_wconf 88' lang='lat' dir='ltr'>angustiasque</span> <span class='ocrx_word' id='word_1_296' title='bbox 880 3558 997 3623; x_wconf 90' lang='lat' dir='ltr'>itineris</span> <span class='ocrx_word' id='word_1_297' title='bbox 1012 3560 1190 3635; x_wconf 75' lang='lat' dir='ltr'>conferrent,</span> 
     </span>
     <span class='ocr_line' id='line_1_39' title="bbox 167 3645 1190 3730; baseline -0.002 -19"><span class='ocrx_word' id='word_1_298' title='bbox 167 3650 267 3711; x_wconf 84' lang='lat' dir='ltr'>iacere</span> <span class='ocrx_word' id='word_1_299' title='bbox 296 3659 481 3730; x_wconf 84' lang='lat' dir='ltr'>arroganter,</span> <span class='ocrx_word' id='word_1_300' title='bbox 516 3669 583 3712; x_wconf 89' lang='lat' dir='ltr'>oum</span> <span class='ocrx_word' id='word_1_301' title='bbox 611 3659 665 3711; x_wconf 87' lang='lat' dir='ltr'>aut</span> <span class='ocrx_word' id='word_1_302' title='bbox 685 3651 722 3711; x_wconf 93' lang='lat' dir='ltr'>de</span> <span class='ocrx_word' id='word_1_303' title='bbox 745 3649 841 3710; x_wconf 90' lang='lat' dir='ltr'>officio</span> <span class='ocrx_word' id='word_1_304' title='bbox 863 3645 1055 3728; x_wconf 89' lang='lat' dir='ltr'>imperatoris</span> <span class='ocrx_word' id='word_1_305' title='bbox 1078 3646 1190 3729; x_wconf 89' lang='lat' dir='ltr'>despo-</span> 
     </span>
     <span class='ocr_line' id='line_1_40' title="bbox 168 3733 1189 3816; baseline -0.002 -18"><span class='ocrx_word' id='word_1_306' title='bbox 168 3754 239 3798; x_wconf 87' lang='lat' dir='ltr'>rare</span> <span class='ocrx_word' id='word_1_307' title='bbox 266 3743 320 3797; x_wconf 89' lang='lat' dir='ltr'>aut</span> <span class='ocrx_word' id='word_1_308' title='bbox 346 3737 549 3816; x_wconf 88' lang='lat' dir='ltr'>praescribere</span> <span class='ocrx_word' id='word_1_309' title='bbox 576 3736 757 3798; x_wconf 82' lang='lat' dir='ltr'>viderentur.</span> <span class='ocrx_word' id='word_1_310' title='bbox 802 3735 888 3796; x_wconf 90' lang='lat' dir='ltr'>Haec</span> <span class='ocrx_word' id='word_1_311' title='bbox 916 3733 974 3795; x_wconf 84' lang='lat' dir='ltr'>sibi</span> <span class='ocrx_word' id='word_1_312' title='bbox 995 3752 1062 3795; x_wconf 88' lang='lat' dir='ltr'>esse</span> <span class='ocrx_word' id='word_1_313' title='bbox 1084 3752 1189 3811; x_wconf 90' lang='lat' dir='ltr'>curae;</span> 
     </span>
     <span class='ocr_line' id='line_1_41' title="bbox 169 3819 1233 3917; baseline 0.003 -33"><span class='ocrx_word' id='word_1_314' title='bbox 169 3823 354 3884; x_wconf 74' lang='lat' dir='ltr'>frumentum</span> <span class='ocrx_word' id='word_1_315' title='bbox 382 3820 555 3904; x_wconf 86' lang='lat' dir='ltr'>Sequanos,</span> <span class='ocrx_word' id='word_1_316' title='bbox 589 3823 736 3917; x_wconf 52' lang='lat' dir='ltr'>Leucofqt</span> <span class='ocrx_word' id='word_1_317' title='bbox 753 3821 906 3903; x_wconf 86' lang='lat' dir='ltr'>Lingones</span> <span class='ocrx_word' id='word_1_318' title='bbox 933 3819 1188 3898; x_wconf 87' lang='lat' dir='ltr'>sumministrare,</span> <span class='ocrx_word' id='word_1_319' title='bbox 1203 3847 1233 3887; x_wconf 76' lang='lat' dir='ltr'>so</span> 
     </span>
     <span class='ocr_line' id='line_1_42' title="bbox 171 3904 1190 3990; baseline 0.001 -20"><span class='ocrx_word' id='word_1_320' title='bbox 171 3908 293 3988; x_wconf 88' lang='lat' dir='ltr'>iamque</span> <span class='ocrx_word' id='word_1_321' title='bbox 320 3927 387 3970; x_wconf 88' lang='lat' dir='ltr'>esse</span> <span class='ocrx_word' id='word_1_322' title='bbox 413 3909 445 3971; x_wconf 92' lang='lat' dir='ltr'>in</span> <span class='ocrx_word' id='word_1_323' title='bbox 472 3908 551 3990; x_wconf 87' lang='lat' dir='ltr'>agris</span> <span class='ocrx_word' id='word_1_324' title='bbox 573 3910 881 3982; x_wconf 74' lang='lat' dir='ltr'>frumentx·matura;</span> <span class='ocrx_word' id='word_1_325' title='bbox 915 3908 952 3969; x_wconf 91' lang='lat' dir='ltr'>de</span> <span class='ocrx_word' id='word_1_326' title='bbox 978 3906 1085 3968; x_wconf 90' lang='lat' dir='ltr'>itinere</span> <span class='ocrx_word' id='word_1_327' title='bbox 1106 3904 1190 3987; x_wconf 85' lang='lat' dir='ltr'>ipsos</span> 
     </span>
     <span class='ocr_line' id='line_1_43' title="bbox 170 3990 1189 4075; baseline -0.003 -18"><span class='ocrx_word' id='word_1_328' title='bbox 170 3993 258 4059; x_wconf 84' lang='lat' dir='ltr'>brevi</span> <span class='ocrx_word' id='word_1_329' title='bbox 284 4002 420 4075; x_wconf 87' lang='lat' dir='ltr'>tempore</span> <span class='ocrx_word' id='word_1_330' title='bbox 439 3995 634 4059; x_wconf 89' lang='lat' dir='ltr'>iudicaturos.</span> <span class='ocrx_word' id='word_1_331' title='bbox 679 3990 770 4064; x_wconf 83' lang='lat' dir='ltr'>Quod</span> <span class='ocrx_word' id='word_1_332' title='bbox 791 4014 852 4057; x_wconf 92' lang='lat' dir='ltr'>non</span> <span class='ocrx_word' id='word_1_333' title='bbox 873 3992 937 4058; x_wconf 88' lang='lat' dir='ltr'>iore</span> <span class='ocrx_word' id='word_1_334' title='bbox 959 3993 1039 4055; x_wconf 90' lang='lat' dir='ltr'>dicto</span> <span class='ocrx_word' id='word_1_335' title='bbox 1061 3992 1189 4055; x_wconf 90' lang='lat' dir='ltr'>audicu-</span> 
     </span>
    </p>
   </div>
   <div class='ocr_carea' id='block_1_3' title="bbox 0 0 1332 4492">
    <p class='ocr_par' dir='ltr' id='par_1_4' title="bbox 0 0 1332 4492">
     <span class='ocr_line' id='line_1_44' title="bbox 0 0 1332 4492; baseline 0 0"><span class='ocrx_word' id='word_1_336' title='bbox 0 0 1332 4492; x_wconf 95' lang='lat' dir='ltr'> </span> 
     </span>
    </p>
   </div>
  </div>
 </body>
</html>
