2616 4492
426 307 495 354 arr.
511 306 548 352 11.
572 307 648 354 cor.
664 289 758 354 4-r.
1061 290 1106 356 29

82 445 156 507 fieri..
174 463 279 524 posse,
313 444 340 506 si
367 464 439 507 snas
466 447 568 527 copias
595 446 698 509 Aedui
719 447 751 509 in
773 444 1103 509 fines'Bellovacomm

81 531 303 593 introduxerint
325 539 356 592 et
377 551 479 594 eorum
503 553 591 614 agros
606 533 745 613 populari
760 533 919 612 coeperint.
941 532 998 593 Bis
1014 552 1104 594 man-

83 618 164 679 datis
198 637 265 679 eum
299 619 337 678 ab
370 638 403 679 se
437 620 570 681 dimittit.
619 620 787 700 Postquam
816 638 919 680 omnes
940 618 1103 699 Belgarum

83 704 186 784 copias
213 704 244 764 in
272 724 365 766 unum
392 704 488 766 locum
517 715 638 767 coactas
666 706 706 767 ad
729 725 761 767 se
783 705 885 766 venire
907 705 984 765 vidit
1006 724 1102 785 neque

81 791 143 851 iam
166 789 253 870 longe
276 792 383 852 abesse
406 793 445 853 ab
468 792 520 866 iis,
544 811 618 872 quos
643 792 781 865 miserat,
810 791 1049 870 exploratoribus
1072 801 1132 854 ets

83 877 122 938 ab
144 877 248 939 Remis
271 877 425 957 cognovit,
454 879 565 940 fiumen
586 878 745 952 Axonam,
774 879 854 958 quod
876 878 976 938 estin
999 886 1102 940 extre—

83 963 140 1023 mis
162 962 327 1024 Remorum
349 964 475 1038 finibus,
499 964 660 1026 exercitum
683 965 839 1025 traducere
862 964 1028 1025 maturavit
1049 973 1101 1025 at-

82 1066 142 1128 que
167 1049 210 1110 ibi
237 1057 338 1111 castra
363 1050 473 1129 posuit.
524 1049 611 1120 Quae
639 1070 688 1112 res
712 1059 743 1111 et
764 1052 845 1112 latus
867 1070 959 1111 unum
983 1058 1103 1112 castro·

82 1152 148 1195 rum
170 1135 244 1214 ripis
266 1136 397 1197 fluminis
421 1138 574 1199 muniebat
597 1145 719 1216 etpost
741 1157 807 1198 eum
824 1155 901 1216 quae
917 1145 1020 1198 essent
1034 1146 1102 1198 tuta

82 1221 121 1281 ab
143 1221 281 1283 hostibus
307 1224 452 1284 reddebat
475 1231 506 1284 et
527 1232 710 1284 commeatus
734 1224 772 1284 ab
794 1222 899 1285 Remis
922 1222 1102 1304 reliquisque
1121 1250 1147 1288 ro

81 1306 255 1369 civitatibus
284 1317 318 1370 ut
345 1309 409 1370 sine
435 1311 566 1388 periculo
595 1311 635 1371 ad
657 1330 723 1371 eum
745 1309 860 1389 portari
882 1318 1023 1388 possent,
1053 1311 1100 1370 sl·

82 1393 210 1454 ficiebat.
254 1395 291 1454 In
319 1415 353 1456 e0
376 1396 498 1457 flumine
520 1416 597 1477 pons
620 1406 695 1457 erat.
739 1396 786 1456 Ibi
808 1395 992 1474 praesidium
1014 1396 1102 1474 ponit

82 1488 113 1540 et
135 1479 166 1540 in
189 1480 285 1541 altera
306 1490 394 1560 parte
416 1483 547 1544 fluminis
572 1481 609 1552 Q.
626 1482 776 1544 Titurium
800 1480 947 1542 Sabinum
969 1480 1101 1560 legatum

80 1583 147 1626 curn
171 1585 226 1628 sex
248 1567 420 1628 cohortibus
440 1568 594 1649 relinquit3
617 1578 719 1630 castra
738 1568 770 1629 in
786 1567 975 1628 altitudinem
990 1568 1100 1646 pedum

80 1665 137 1712 ΧΠ
159 1653 241 1713 vallo
263 1655 406 1732 fossaque
429 1655 633 1735 duodeviginti
654 1657 764 1734 pedum
788 1653 896 1714 muniri
917 1653 1009 1713 iubet.
1115 1674 1144 1712 ro

145 1737 197 1800 Ab
219 1738 267 1799 his
290 1739 397 1799 eastris
421 1741 560 1819 oppidum
582 1740 746 1801 Remorum
763 1739 881 1800 nomine
896 1739 1011 1800 Bibrax
1026 1739 1126 1800 abe-6

79 1832 130 1884 rat
162 1823 245 1884 milia
276 1843 419 1903 passuum
454 1836 528 1887 coto.
583 1827 620 1887 Id
652 1845 690 1887 ex
717 1825 821 1886 itinere
852 1844 960 1905 magno
987 1825 1101 1904 impetn

80 1909 193 1990 Belgae
222 1929 394 1990 oppugnare
422 1921 591 1990 coepemnt.
635 1911 735 1992 Aegre
763 1931 799 1973 eo
826 1911 874 1973 die
897 1919 1101 1972 sustentatum

81 2003 137 2055 est.
187 1995 345 2058 Gallorum
383 1999 487 2058 eadem
521 2007 611 2079 atque
643 1998 803 2078 Belgarum
837 1998 1017 2078 oppugnatio
1052 2006 1100 2059 est

81 2081 164 2144 haec.
208 2082 269 2144 Ubi
292 2083 480 2144 circumiecta
502 2084 691 2145 multitudine
713 2084 864 2145 hominum
888 2084 960 2145 totis
984 2084 1100 2145 moeni·
1115 2102 1144 2142 no

78 2167 135 2228 bus
157 2169 289 2248 undique
311 2169 342 2229 in
365 2189 480 2231 murum
508 2171 623 2250 lapides
645 2169 704 2231 iaci
727 2171 824 2249 coepti
846 2179 917 2231 sunt
940 2190 1100 2251 murusque

80 2254 288 2316 defensoribus
317 2256 448 2317 nudatus
477 2265 537 2329 est,
565 2257 718 2318 testudine
745 2257 825 2317 facta
845 2265 950 2336 portas
974 2276 1099 2318 succen-

80 2341 155 2401 dunt
178 2360 353 2422 murumque
375 2343 531 2404 subruunt.
577 2341 665 2412 Quod
688 2351 751 2403 tum
773 2342 861 2404 facile
884 2342 984 2403 fiebat.
1017 2343 1099 2405 Nam

77 2445 145 2487 cum
168 2437 256 2489 tanta
279 2429 435 2489 multitudo
459 2429 574 2508 lapides
598 2449 633 2491 ac
654 2429 717 2490 tela
739 2429 932 2501 conficerent,
958 2429 989 2488 in
1013 2448 1099 2490 muro

77 2514 260 2575 consistendi
292 2523 428 2593 potestas
463 2525 529 2577 erat
561 2515 644 2577 nulli.
695 2515 770 2577 Cum
792 2517 881 2576 finem
905 2515 1099 2595 oppugnandi
1113 2543 1143 2583 2⁶

79 2618 141 2660 nox
171 2600 307 2672 fecisset,
341 2601 435 2662 locius
463 2602 592 2677 Remus,
626 2621 744 2663 summa
766 2601 924 2663 nobilitate
947 2608 978 2662 et
1000 2601 1099 2681 gratia

78 2685 267 2759 intersum,
296 2687 431 2766 quitum
456 2689 564 2767 oppido
587 2690 776 2768 praefuerat,
804 2707 881 2748 unus
906 2687 1018 2760 exiis,
1047 2687 1097 2768 qni

78 2770 171 2852 legati
198 2774 235 2833 de
262 2792 335 2852 pace
363 2774 402 2834 ad
430 2773 590 2836 Gaesarem
612 2783 774 2847 venerant,
808 2773 945 2835 nuntium
967 2775 1007 2835 ad
1030 2792 1097 2835 eum

79 2858 186 2919 mittit:
216 2858 274 2919 nisi
297 2859 461 2920 subsidium
485 2861 542 2922 sibi
564 2861 771 2934 submittatur,
801 2880 868 2921 sese
891 2859 1002 2921 diutius
1026 2879 1097 2921 sus-

78 2944 173 3006 tinere
207 2964 268 3006 non
294 2963 393 3024 posse.
448 2946 494 3008 Eo
528 2949 565 3007 de
593 2947 692 3009 media
720 2955 807 3008 nocte
841 2946 957 3007 Caesar
984 2945 1122 3007 iisdem7

80 3031 205 3092 ducibus
227 3049 316 3104 usus,
346 3031 396 3111 qui
419 3031 515 3092 nuntii
538 3033 576 3093 ab
598 3033 676 3095 Iccio
698 3042 861 3104 venerant,
895 3032 1042 3093 Numidas
1065 3040 1097 3093 et
1112 3061 1138 3100 ει

76 3117 185 3179 Cretas
219 3117 392 3197 sagittarios
421 3126 452 3179 et
478 3118 644 3179 funditores
670 3119 815 3180 Baleares
844 3117 978 3180 subsidio
1006 3117 1095 3196 oppi-

76 3205 166 3265 danis
194 3204 301 3277 mittit3
337 3222 462 3283 quorum
486 3205 619 3265 adventu
647 3213 678 3264 et
699 3204 801 3265 Remis
824 3224 888 3265 cum
913 3223 966 3283 spe
989 3204 1095 3264 defen-

77 3289 171 3351 sionis
194 3290 324 3351 stndium
348 3291 554 3370 propugnandi
577 3289 704 3351 accessit
726 3298 756 3350 et
776 3291 914 3351 hostibus
938 3289 1043 3350 eadem
1058 3289 1096 3350 de

75 3394 168 3438 causa
201 3396 270 3456 spes
301 3376 438 3456 potiundi
472 3377 573 3456 oppidi
605 3376 752 3438 discessit.
801 3376 908 3456 Itaque
940 3374 1096 3454 paulisper
1111 3405 1140 3444 ω

78 3464 159 3541 apud
181 3462 322 3542 oppidum
346 3462 453 3523 morati
469 3483 615 3544 agrosque
629 3463 790 3523 Remorum
806 3461 980 3542 depopulati
995 3462 1094 3523 omni-

77 3549 134 3609 bns
156 3549 229 3609 vicis
253 3549 469 3630 aedificiisque,
499 3569 572 3630 quos
596 3549 679 3611 adire
700 3556 877 3627 potuerant,
901 3547 1031 3608 incensis
1054 3549 1095 3610 ad

76 3643 180 3696 castra
206 3634 346 3696 Caesaris
375 3636 512 3697 omnibus
539 3637 631 3716 copiis
659 3635 877 3695 contenderunt
899 3643 930 3695 ot
951 3634 990 3694 ab
1013 3634 1093 3695 mili-

76 3721 134 3782 bus
156 3740 300 3800 passuum
323 3722 420 3783 minus
444 3724 559 3784 duobus
582 3732 682 3784 castra
693 3728 866 3799 posuerunt,
890 3739 967 3800 quae
982 3729 1092 3796 eastra,

77 3816 113 3867 ut
143 3808 223 3868 fiumo
258 3818 347 3890 atque
380 3809 498 3888 ignibus
533 3808 772 3889 significabatur,
811 3805 939 3887 amplius
973 3806 1092 3870 milibus
1108 3838 1140 3878 ω

76 3912 221 3972 passuum
244 3905 309 3957 octo
331 3896 362 3956 in
384 3895 572 3958 latitudinem
595 3894 748 3976 patebant.
