2616 4492
254 286 935 350 mmmm-mmm&
1046 285 1107 350 m

461 525 618 599 LIBER
648 524 731 597 VII.

151 693 264 765 Quieta
286 696 390 759 Gallis
412 697 536 770 Caesar,
570 705 604 757 ut
626 697 839 768 constituerat,
872 696 904 757 in
925 696 1046 757 Italiam
1068 696 1135 757 adl

84 793 252 845 conventus
286 785 418 864 agendos
445 782 651 864 proficiscitur.
695 783 742 844 Ibi
772 783 923 861 cognoscit
950 785 987 844 de
1010 781 1135 844 Clodiis

85 870 194 943 caede,
229 871 266 931 de
295 879 479 950 senatusque
507 868 642 932 consulto
670 869 778 930 certior
799 870 914 941 lactus,
947 878 982 930 ut
1004 887 1107 931 omncs

86 955 218 1017 iuniores
245 956 354 1018 Italiae
381 957 586 1030 coniurarent,
621 954 761 1017 dilectum
782 963 850 1015 tota
870 955 1026 1035 provincis
1047 955 1107 1015 ha-

85 1042 157 1104 bere
189 1041 329 1105 instituit
374 1043 439 1104 Eae
466 1062 516 1104 res
544 1041 574 1103 in
603 1041 736 1103 Galliam
759 1040 976 1121 transalpinam
998 1040 1106 1102 celeri-

85 1137 133 1189 ter
155 1130 353 1207 perferuntur.
387 1130 515 1191 Addunt
536 1127 595 1208 ipsi
618 1137 648 1188 et
670 1129 825 1208 adfingunt
840 1129 1008 1189 rumoribus
1023 1126 1106 1188 Galli

83 1216 166 1295 quod
192 1234 240 1277 res
268 1235 390 1296 poscere
418 1216 591 1278 videbatur:
627 1215 751 1276 retineri
778 1215 892 1275 urbano
919 1223 1003 1275 motu
1025 1213 1106 1275 Cae·
1121 1235 1150 1274 ro

86 1320 185 1362 sarem
207 1320 303 1382 neque
324 1302 357 1364 in
378 1303 474 1364 tantis
498 1300 735 1363 dissensionibus
759 1301 798 1360 ad
819 1300 982 1362 exercitum
1001 1300 1106 1362 venire

85 1406 186 1466 posse.
229 1389 298 1450 Hac
329 1388 452 1468 impulsi
484 1388 654 1460 occasione,
688 1387 738 1467 qui
765 1386 826 1447 iam
854 1395 926 1447 ante
948 1405 981 1447 se
1003 1385 1106 1466 populi

84 1473 216 1535 Romani
237 1474 362 1554 imperio
385 1474 533 1535 subiectos
556 1473 708 1547 dolerent,
742 1473 866 1534 liberius
893 1480 983 1552 atque
1010 1473 1106 1534 aude-

83 1559 148 1622 cius
182 1561 219 1622 de
250 1560 329 1621 bello
363 1560 488 1622 consilia
514 1560 590 1621 inire
616 1558 771 1638 incipiunt.
820 1558 946 1620 Indictis
973 1557 1051 1619 inter
1073 1577 1106 1619 se

84 1646 235 1725 principes
267 1645 388 1708 Galliae
422 1645 554 1707 conciliis
588 1645 775 1706 silvestribus
809 1663 846 1705 ao
878 1644 1001 1705 remotis
1035 1643 1106 1706 locis
1120 1668 1148 1706 rs

82 1741 251 1812 queruntur
272 1733 310 1794 de
332 1731 462 1793 Acconis
485 1739 597 1804 morte;
623 1750 714 1810 posse
736 1732 815 1792 hunc
836 1749 939 1792 casum
962 1731 1002 1792 ad
1023 1730 1107 1810 ipsos

86 1818 218 1879 recidere
241 1818 467 1890 demonstrans
481 1816 671 1881 ,miserantur
692 1836 878 1878 communem
901 1815 1020 1878 Galliae
1042 1818 1106 1877 lon

86 1913 208 1977 tunam3
242 1903 380 1966 omnibus
408 1902 674 1983 pollicitationibus
703 1922 739 1964 ao
758 1902 901 1981 praemiis
924 1903 1106 1982 deposcunt,

84 1990 137 2070 qui
169 1990 241 2051 belli
273 1990 390 2052 initium
423 1989 537 2050 iaciant
565 1999 595 2050 et
617 1988 665 2049 eui
687 1988 794 2068 capitis
816 1988 949 2069 periculo
972 1987 1106 2050 Galliam

84 2076 117 2138 in
150 2075 321 2138 libertatem
354 2076 517 2138 vindicent.
565 2074 706 2154 Inprimis
732 2074 879 2136 rationem
902 2094 969 2136 esse
989 2075 1106 2136 haben·
1119 2098 1150 2137 ao

84 2164 156 2225 dam
179 2163 296 2238 dicunt,
319 2163 494 2243 priusquam
517 2180 618 2223 eorum
632 2160 821 2224 claudestina
835 2161 961 2223 consilia
976 2161 1106 2222 efferan-

86 2259 145 2324 tur,
173 2259 207 2312 nt
230 2250 350 2312 Caesar
371 2251 411 2311 ab
433 2248 566 2311 exercitu
587 2247 811 2309 intercludatur.
855 2248 892 2309 Id
915 2266 981 2308 esse
1002 2247 1105 2320 facilc,

84 2338 166 2415 quod
199 2356 296 2416 neque
328 2336 459 2417 legiones
487 2337 619 2396 audeant
647 2329 773 2395 absente
794 2335 975 2413 imperatore
998 2352 1035 2395 ex
1056 2333 1106 2395 hi-

85 2423 186 2484 bernis
209 2423 324 2505 egredi,
348 2442 443 2503 neque
465 2421 629 2502 imperator
650 2421 715 2482 sine
737 2420 889 2500 praesidio
912 2420 952 2481 ad
973 2420 1106 2501 legiones

84 2509 243 2589 pervenire
275 2509 381 2590 possit
436 2508 595 2569 Postremo
628 2507 660 2568 in
693 2507 756 2568 soie
788 2514 946 2587 praestare
979 2505 1106 2568 interfici
1119 2530 1148 2569 es

83 2615 176 2675 quarn
203 2615 265 2657 non
287 2605 419 2656 veterem
444 2594 515 2655 belli
538 2594 663 2674 gloriam
685 2594 933 2672 libertatemque,
968 2612 1058 2672 quam
1086 2612 1107 2654 s

85 2681 250 2743 maioribus
273 2681 455 2760 acceperint,
478 2699 663 2759 recuperare.
701 2680 758 2740 His
781 2680 871 2741 rebus
895 2679 1018 2759 agitatis
1033 2685 1137 2759 pro-2

86 2769 208 2828 fitentur
236 2766 384 2828 Carnutes
413 2786 446 2827 se
474 2765 588 2827 nullum
615 2765 779 2845 perieulum
809 2765 974 2827 communis
998 2765 1105 2827 salutis

83 2873 179 2913 nausa
211 2870 351 2912 recusare
376 2851 585 2931 principesque
612 2870 650 2912 ex
678 2852 814 2913 omnibus
843 2851 953 2913 bellum
974 2853 1106 2913 facturos

86 2938 266 3018 pollicentur
299 2946 344 3009 et,
378 2936 518 3016 quoniam
550 2937 582 2998 i'n
609 2936 783 3017 praeseutia
810 2937 966 2999 obsidibus
999 2955 1106 2998 cavere
1119 2960 1149 2999 ao

86 3024 165 3086 inter
191 3042 224 3084 se
247 3021 460 3102 nonpossint,
489 3040 598 3083 neres
622 3022 772 3097 efferatur,
800 3033 835 3084 nt
856 3023 1047 3085 iureiurando
1070 3041 1106 3084 ac

84 3113 146 3172 fide
168 3109 320 3172 sanciatur
340 3115 450 3189 petunt
471 3107 598 3169 conlatis
620 3108 799 3169 militaribus
816 3109 925 3190 signis,
950 3128 1007 3188 quo
1023 3127 1105 3168 more

87 3217 190 3260 eorum
222 3195 404 3277 gravissima
434 3192 617 3255 caerimonia
638 3194 817 3266 continetur,
852 3214 889 3256 ue
916 3196 994 3256 facto
1020 3192 1105 3255 initio

85 3285 156 3346 belli
179 3283 217 3345 ab
240 3280 362 3362 reliquis
385 3281 573 3342 deserantur.
617 3280 696 3340 Tum
719 3280 907 3342 conlaudatis
923 3279 1104 3341 Carnutibus

87 3372 159 3433 dato
186 3368 374 3431 iureiurando
398 3367 436 3428 ab
460 3365 613 3439 omnibus,
642 3365 693 3444 qui
715 3367 857 3440 aderant,
886 3375 1019 3446 tempore
1042 3363 1105 3426 eius
1119 3390 1147 3428 ae

86 3458 130 3518 rei
151 3455 313 3518 constituto
336 3455 375 3515 ab
398 3452 519 3515 concilio
542 3451 711 3513 disceditur.

151 3543 212 3604 Ubi
240 3561 277 3602 ea
304 3541 368 3602 dies
396 3539 494 3613 venit,
528 3538 675 3599 Carnutes
704 3537 835 3600 Cotuato
863 3547 894 3599 et
916 3537 1137 3598 Consumto-3

89 3630 198 3691 dumno
232 3626 371 3701 ducibus,
405 3625 571 3705 desperatis
604 3624 790 3699 hominibus,
825 3623 983 3686 Cenabum
1017 3622 1104 3702 signo

85 3717 160 3777 dato
188 3722 367 3776 concurrunt
388 3712 527 3792 civesque
548 3711 732 3784 Romanos,
748 3710 799 3791 qui
821 3707 992 3791 negotiandi
1013 3727 1106 3770 cause

88 3801 129 3862 ibi
152 3800 365 3874 constiterant,
399 3798 430 3860 in
452 3798 500 3859 his
523 3797 635 3860 Gaium
655 3799 776 3859 Fufium
798 3796 915 3868 Citam,
943 3796 1103 3856 honestum
1118 3822 1147 3861 co

88 3888 218 3967 equitem
249 3888 436 3959 Romanum,
470 3885 520 3965 qui
546 3884 589 3946 rei
615 3884 831 3946 immentariae
857 3883 941 3944 iussu
963 3880 1104 3943 Caesaris

89 3981 246 4052 praeerat,
273 3972 457 4034 interficiunt
477 3973 615 4052 bonaque
637 3990 740 4032 eorum
763 3969 914 4050 diripiunt.
959 3967 1105 4032 Celeriter
