2616 4492
140 271 184 339 44
407 261 414 277 “
502 284 619 335 curor
642 283 812 335 rnurruot.

144 429 184 492 10
206 426 419 511 cumfliqerertt
439 425 487 499 A,
513 424 585 499 166,
608 428 628 490 2
653 424 903 488 666666666661.
948 425 1173 505 Frequentiora

142 516 174 577 V
197 514 336 595 exempla
358 514 498 594 praebet,
528 523 562 575 ut
591 512 786 585 cummunis,
815 519 1049 594 comsumptus,
1079 533 1171 575 66666-

141 600 262 677 6666666,
291 598 503 674 6666666666,
527 599 728 672 committere,
752 597 924 680 complere,
949 619 1171 674 cumouraare,

142 686 334 760 cumlocore,
358 684 571 749 cumlaudore.
614 687 641 747 Ε
665 685 904 757 contrari0150,
924 687 938 747 l
965 704 1025 746 6666
1041 686 1172 759 crebris,

143 773 195 848 67,
218 776 261 836 20
284 773 483 836 conuenisset
504 773 540 845 Ρ,
586 770 705 842 Quibus
729 771 873 851 exemplis
897 771 1013 833 affatim
1037 773 1173 844 docetur,

144 881 234 944 quam
256 860 345 922 iacilc
367 861 481 922 iactum
504 860 561 933 sit,
591 869 625 922 ut
654 858 823 921 coniunctio
846 878 956 938 quom,
991 861 1172 938 praesertim

144 949 170 1012 si
193 969 234 1032 qu
256 948 287 1009 in
311 968 327 1009 6
348 955 498 1008 mutatum
521 945 561 1007 sit
584 944 631 1031 (ς’.
647 945 711 1028 8.),
735 946 766 1007 in
789 966 860 1007 66666
883 944 1000 1006 abierit.

210 1033 259 1098 19.
297 1043 369 1096 ret
390 1054 417 1107 6,
446 1052 572 1113 quorum
596 1042 683 1095 erant
710 1033 743 1093 in
771 1032 942 1092 litterarum
963 1052 1089 1113 genere,
1114 1053 1175 1113 qno

144 1121 283 1186 monachi
306 1120 349 1182 uti
373 1119 527 1194 solebant,
549 1121 663 1182 iornuao
679 1119 866 1191 simillimae,
889 1129 1065 1199 permutata
1079 1120 1111 1181 in
1127 1121 1175 1182 bis

144 1209 245 1271 verbis
269 1217 354 1269 sunt:
387 1207 458 1277 134,
482 1205 523 1269 29
547 1218 639 1288 atque
664 1207 735 1279 146,
759 1206 801 1268 24
824 1206 1006 1269 cohortatus
1028 1206 1097 1279 PR,
1123 1207 1174 1281 70,

147 1295 187 1360 19
204 1317 270 1379 pro
297 1315 330 1356 66
351 1293 391 1366 R,
423 1292 494 1368 160,
518 1292 559 1356 26
583 1295 793 1357 cadurcorum
815 1292 860 1364 R,
898 1291 969 1366 116,
995 1295 1036 1354 33
1066 1314 1177 1356 666666-

144 1389 253 1447 6666666
274 1382 320 1454 Α;
344 1379 396 1454 69,
419 1381 461 1442 26
489 1401 639 1444 reuocare
665 1380 741 1455 ΒΑ,
774 1380 845 1450 112,
869 1380 909 1441 25
933 1381 1039 1443 uictor
1060 1380 1102 1452 A,
1133 1380 1176 1442 47

146 1470 187 1534 26
215 1488 248 1531 66
275 1468 430 1531 retinebat
457 1467 499 1543 A,
523 1466 575 1541 69,
598 1469 640 1529 22
663 1473 812 1529 moratur
833 1467 878 1539 R,
910 1465 981 1539 126,
1004 1469 1025 1528 2
1049 1468 1176 1549 occepi-

147 1563 240 1622 catur
273 1554 340 1628 TU,
367 1555 438 1629 120,
464 1555 503 1616 13
528 1554 712 1617 cohortatur
743 1553 817 1624 TU,
854 1555 932 1633 quod
966 1564 1000 1614 nt
1036 1556 1108 1629 122,
1133 1555 1176 1615 40

147 1644 297 1706 bortatur
325 1661 345 1702 a
366 1640 470 1721 primis
495 1642 561 1703 edd.
585 1641 782 1711 retinebatur,
808 1640 880 1712 142,
907 1641 921 1701 1
943 1648 1117 1722 praerepto
1142 1642 1177 1702 Τ.

147 1728 217 1800 Qua
246 1728 283 1789 de
315 1747 407 1789 censa
438 1726 509 1800 162,
534 1727 572 1789 41
598 1727 641 1788 ibi
664 1727 776 1788 reiecta
803 1726 913 1788 initiali
936 1726 1039 1788 littera
1062 1729 1180 1789 absona

50 1833 53 1838 ·
149 1826 247 1879 ortum
278 1834 344 1876 esse
376 1814 515 1895 suspicor
538 1813 589 1896 (ci.
613 1833 642 1894 p.
662 1813 718 1897 18)
744 1822 835 1892 atque
860 1812 911 1886 67,
935 1811 955 1874 6
979 1814 1178 1895 (166619666-

148 1923 207 1967 rua
236 1902 380 1983 scriptum
409 1902 450 1962 sit
478 1901 509 1962 in
529 1901 663 1982 96666666
692 1920 759 1962 esse
781 1900 1011 1979 transpositum.
1057 1901 1180 1964 Geniti·

148 2009 205 2051 vos
234 2009 289 2069 per
316 1989 492 2069 compendia
521 1987 610 2049 scribi
634 1987 729 2049 solere
751 1997 875 2048 monent
897 1986 1110 2067 inscriptiones
1136 1990 1180 2070 (v.

150 2096 175 2138 o.
198 2075 432 2158 1666161606).
466 2076 574 2155 Itaque
598 2074 624 2135 si
649 2074 720 2148 141,
736 2074 775 2135 41
794 2094 950 2136 romanoe
965 2074 997 2135 in
1011 2095 1179 2139 romanor.

44 2171 48 2181 “
151 2171 300 2225 mutatum
323 2171 379 2236 est,
409 2162 461 2223 sed
484 2185 510 2236 6,
534 2171 569 2222 ut
590 2162 634 2236 fit,
660 2162 699 2222 ab
723 2162 916 2222 emendatore
940 2181 1031 2240 super
1054 2184 1073 2223 r
1095 2163 1181 2243 posi-

151 2261 231 2322 tum,
261 2249 379 2328 utrique
402 2249 632 2328 explanatione,
667 2268 727 2328 qua
750 2249 942 2309 accusativus
966 2267 1102 2330 quoque,
1132 2252 1182 2330 qui

152 2336 282 2400 maxime
298 2355 373 2415 opus
390 2345 488 2408 esset,
513 2344 705 2406 statueretur,
727 2356 939 2397 romanorum
962 2335 1087 2398 66666666
1104 2337 1182 2411 dico,

153 2423 373 2505 quodammodo
398 2422 590 2483 satisfactum
615 2430 670 2482 est.
715 2421 751 2481 Id
773 2440 844 2481 vero
867 2420 982 2500 auspici
1006 2422 1182 2486 doctissimo

153 2508 279 2572 alterius
302 2508 437 2569 codicum
460 2507 575 2588 generis
599 2509 791 2569 exornandae
815 2508 962 2570 orationis
983 2511 1182 2588 exoptatissi-

153 2615 233 2659 mam
267 2595 425 2656 materiam
459 2594 633 2674 praebebat.
694 2593 840 2656 Similiter
873 2593 930 2668 93,
966 2595 1008 2656 28
1041 2597 1183 2660 facillime

152 2681 268 2766 pallor.
303 2683 415 2743 factum
450 2690 497 2742 cst
523 2679 644 2762 pallos,
674 2683 727 2742 sed
756 2701 822 2742 cum
847 2683 1035 2762 subsequens
1059 2686 1183 2746 verbum

155 2769 290 2833 dativum
325 2789 378 2830 suo
408 2769 536 2849 quodam
561 2768 624 2829 iure
648 2768 829 2849 requireret,
863 2788 944 2830 nova
972 2771 1184 2834 terminatione

155 2877 247 2938 supra
270 2855 383 2935 scripta
405 2855 491 2917 salvo
515 2864 642 2936 utroque
662 2854 768 2937 pallos
791 2857 830 2916 ad
853 2854 1044 2931 6666666666,
1069 2861 1108 2919 ad
1130 2880 1185 2921 re-

155 2947 213 3007 bus
240 2963 314 3005 vero
347 2941 476 3024 pollicis
504 2942 641 3004 relatum.
677 2942 721 3004 cf.
746 2961 811 3022 cap.
833 2941 872 3003 Π.
893 2943 929 3004 B.
953 2958 975 3004 1.
996 2945 1027 3004 2.
1077 2945 1184 3026 Neque

156 3041 204 3094 est
225 3030 415 3092 infitiandum
442 3029 513 3103 131,
531 3030 571 3090 32
596 3037 766 3110 coemptos,
792 3030 955 3109 quodiam
979 3029 1011 3090 in
1027 3041 1186 3114 coemzptae

157 3127 371 3181 commutatum
389 3125 508 3190 exstat,
526 3135 563 3177 ex
579 3123 757 3198 coemptor,
781 3116 800 3176 i.
814 3136 838 3178 e.
852 3123 1081 3197 coemptorem,
1106 3122 1186 3198 quod

157 3206 255 3287 ipsum
278 3203 394 3284 primae
417 3212 524 3264 tenent
547 3203 710 3274 editiones,
735 3203 805 3263 oriri
828 3204 973 3283 potuisse.
1011 3204 1091 3266 Illud
1114 3227 1185 3268 vero

157 3292 235 3355 satis
269 3297 392 3352 constat
420 3289 473 3362 40,
497 3292 538 3351 22
568 3289 635 3351 dien
663 3309 722 3350 non
753 3309 820 3351 esse
849 3289 1049 3353 tolerandum.
1094 3293 1188 3356 Exsi-

158 3389 239 3441 stere
263 3386 364 3440 autem
388 3376 418 3438 id
442 3377 542 3456 potuit
564 3377 613 3437 vel
637 3376 662 3438 si
685 3377 762 3439 dior.
779 3398 820 3435 rr
843 3379 892 3439 vel
915 3378 941 3438 si
964 3379 1078 3440 maiore
1096 3382 1187 3443 etiam

158 3465 334 3545 compendio
358 3463 528 3526 litterarum
551 3464 581 3525 d.
595 3485 645 3524 rr.
670 3462 812 3543 scriptum
835 3464 931 3526 fuerit.
978 3464 1113 3529 Simulat
1136 3468 1187 3543 36,

160 3553 199 3615 16
223 3551 362 3614 transire
383 3551 494 3614 lectum
517 3559 579 3625 est,
603 3549 731 3611 alterum
754 3571 770 3611 a
792 3552 929 3613 accessit.

223 3640 325 3701 206
312 3646 384 3700 666
412 3637 536 3700 deinter
560 3657 592 3697 se
616 3636 770 3698 simillima
793 3648 895 3712 erant,
925 3658 1017 3718 qnare
1045 3646 1074 3700 66
1095 3640 1127 3700 in
1151 3663 1189 3704 66

160 3727 322 3788 abibatet
310 3734 464 3786 t.contra
509 3724 614 3785 Habet
636 3723 666 3785 A
692 3721 763 3795 167,
788 3723 829 3787 39
852 3747 891 3788 cer
913 3723 1055 3787 66166666.
1101 3727 1187 3789 Unus

160 3832 198 3874 ex
231 3811 362 3875 librariis
396 3811 506 3874 codicis
542 3811 572 3872 V
606 3830 645 3873 66
672 3829 738 3871 oum
768 3817 796 3872 et
822 3821 992 3892 permutare
1020 3812 1051 3872 in
1076 3833 1187 3876 morem

130 3877 248 3978 quasi
269 3899 447 3973 induxerat3
474 3897 599 3978 scripsit
623 3897 702 3959 enim
725 3895 777 3972 96,
802 3900 842 3960 39
866 3905 893 3960 66
915 3898 1112 3979 capitatione,
1136 3899 1188 3974 97,

163 3986 216 4059 1;.
219 3987 239 4046 2
262 3992 291 4055 66
311 3983 443 4068 reliquia
464 3990 494 4065 66
517 3983 618 4061 cellit,
639 3984 743 4065 100,
739 3983 812 4049 466
832 3983 970 4070 pellant,
1001 3985 1073 4061 108,
1094 3987 1138 4061 ,36
1162 3995 1190 4053 66
