<?xml version="1.0" encoding="UTF-8"?>
<!DOCTYPE html PUBLIC "-//W3C//DTD XHTML 1.0 Transitional//EN"
    "http://www.w3.org/TR/xhtml1/DTD/xhtml1-transitional.dtd">
<html xmlns="http://www.w3.org/1999/xhtml" xml:lang="en" lang="en">
 <head>
  <title>
</title>
<meta http-equiv="Content-Type" content="text/html;charset=utf-8" />
  <meta name='ocr-system' content='tesseract 3.04.00' />
  <meta name='ocr-capabilities' content='ocr_page ocr_carea ocr_par ocr_line ocrx_word'/>
</head>
<body>
  <div class='ocr_page' id='page_1' title='image "./debellogallicol00friggoog_0083.png"; bbox 0 0 2616 4492; ppageno 0'>
   <div class='ocr_carea' id='block_1_1' title="bbox 197 273 892 339">
    <p class='ocr_par' dir='ltr' id='par_1_1' title="bbox 197 273 892 339">
     <span class='ocr_line' id='line_1_1' title="bbox 197 273 892 339; baseline 0 0"><span class='ocrx_word' id='word_1_1' title='bbox 197 273 241 339; x_wconf 79' lang='lat' dir='ltr'><strong>ot)</strong></span> <span class='ocrx_word' id='word_1_2' title='bbox 522 288 572 337; x_wconf 84' lang='lat' dir='ltr'><strong>ns</strong></span> <span class='ocrx_word' id='word_1_3' title='bbox 593 288 712 339; x_wconf 78' lang='lat' dir='ltr'><strong>annno</strong></span> <span class='ocrx_word' id='word_1_4' title='bbox 734 290 892 339; x_wconf 70' lang='lat' dir='ltr'><strong>exscreo</strong></span> 
     </span>
    </p>
   </div>
   <div class='ocr_carea' id='block_1_2' title="bbox 147 426 1300 4049">
    <p class='ocr_par' dir='ltr' id='par_1_2' title="bbox 147 426 1300 4049">
     <span class='ocr_line' id='line_1_2' title="bbox 198 426 1219 513; baseline -0.001 -20"><span class='ocrx_word' id='word_1_5' title='bbox 198 431 279 513; x_wconf 80' lang='lat' dir='ltr'><strong>quod</strong></span> <span class='ocrx_word' id='word_1_6' title='bbox 312 426 449 490; x_wconf 87' lang='lat' dir='ltr'><strong>omnibus</strong></span> <span class='ocrx_word' id='word_1_7' title='bbox 482 429 544 490; x_wconf 84' lang='lat' dir='ltr'><strong>tere</strong></span> <span class='ocrx_word' id='word_1_8' title='bbox 577 427 703 492; x_wconf 80' lang='lat' dir='ltr'><strong>Gallicis</strong></span> <span class='ocrx_word' id='word_1_9' title='bbox 735 426 825 492; x_wconf 92' lang='lat' dir='ltr'><strong>bellis</strong></span> <span class='ocrx_word' id='word_1_10' title='bbox 851 427 1124 493; x_wconf 84' lang='lat' dir='ltr'><strong>hostibusnostris</strong></span> <span class='ocrx_word' id='word_1_11' title='bbox 1145 428 1219 492; x_wconf 84' lang='lat' dir='ltr'><strong>inde</strong></span> 
     </span>
     <span class='ocr_line' id='line_1_3' title="bbox 197 514 1219 596; baseline -0.003 -17"><span class='ocrx_word' id='word_1_12' title='bbox 197 514 438 579; x_wconf 78' lang='lat' dir='ltr'><strong>sumministrata</strong></span> <span class='ocrx_word' id='word_1_13' title='bbox 460 514 575 577; x_wconf 86' lang='lat' dir='ltr'><strong>auxilia</strong></span> <span class='ocrx_word' id='word_1_14' title='bbox 595 515 803 596; x_wconf 79' lang='lat' dir='ltr'>intellegebat,</span> <span class='ocrx_word' id='word_1_15' title='bbox 826 525 872 589; x_wconf 94' lang='lat' dir='ltr'><strong>et,</strong></span> <span class='ocrx_word' id='word_1_16' title='bbox 895 516 922 577; x_wconf 90' lang='lat' dir='ltr'><strong>si</strong></span> <span class='ocrx_word' id='word_1_17' title='bbox 943 524 1062 595; x_wconf 83' lang='lat' dir='ltr'><strong>tempus</strong></span> <span class='ocrx_word' id='word_1_18' title='bbox 1084 516 1156 576; x_wconf 93' lang='lat' dir='ltr'><strong>anni</strong></span> <span class='ocrx_word' id='word_1_19' title='bbox 1178 517 1219 577; x_wconf 89' lang='lat' dir='ltr'><strong>ad</strong></span> 
     </span>
     <span class='ocr_line' id='line_1_4' title="bbox 195 601 1218 682; baseline -0.002 -17"><span class='ocrx_word' id='word_1_20' title='bbox 195 601 307 665; x_wconf 87' lang='lat' dir='ltr'><strong>bellum</strong></span> <span class='ocrx_word' id='word_1_21' title='bbox 340 601 505 682; x_wconf 86' lang='lat' dir='ltr'><strong>gerendum</strong></span> <span class='ocrx_word' id='word_1_22' title='bbox 533 602 689 676; x_wconf 87' lang='lat' dir='ltr'><strong>deficeret,</strong></span> <span class='ocrx_word' id='word_1_23' title='bbox 723 611 826 663; x_wconf 88' lang='lat' dir='ltr'><strong>tamen</strong></span> <span class='ocrx_word' id='word_1_24' title='bbox 853 621 961 682; x_wconf 84' lang='lat' dir='ltr'><strong>magno</strong></span> <span class='ocrx_word' id='word_1_25' title='bbox 984 601 1042 663; x_wconf 88' lang='lat' dir='ltr'>sibi</span> <span class='ocrx_word' id='word_1_26' title='bbox 1064 601 1132 663; x_wconf 90' lang='lat' dir='ltr'><strong>usui</strong></span> <span class='ocrx_word' id='word_1_27' title='bbox 1154 604 1218 663; x_wconf 83' lang='lat' dir='ltr'><strong>lore</strong></span> 
     </span>
     <span class='ocr_line' id='line_1_5' title="bbox 196 687 1218 768; baseline -0.002 -18"><span class='ocrx_word' id='word_1_28' title='bbox 196 687 410 761; x_wconf 75' lang='lat' dir='ltr'><strong>arbitrabatur,</strong></span> <span class='ocrx_word' id='word_1_29' title='bbox 445 687 472 748; x_wconf 90' lang='lat' dir='ltr'><strong>si</strong></span> <span class='ocrx_word' id='word_1_30' title='bbox 498 687 588 750; x_wconf 91' lang='lat' dir='ltr'><strong>modo</strong></span> <span class='ocrx_word' id='word_1_31' title='bbox 615 688 745 750; x_wconf 88' lang='lat' dir='ltr'><strong>insulam</strong></span> <span class='ocrx_word' id='word_1_32' title='bbox 778 688 909 762; x_wconf 87' lang='lat' dir='ltr'><strong>adisset,</strong></span> <span class='ocrx_word' id='word_1_33' title='bbox 944 706 1035 768; x_wconf 82' lang='lat' dir='ltr'><strong>genus</strong></span> <span class='ocrx_word' id='word_1_34' title='bbox 1063 687 1218 749; x_wconf 89' lang='lat' dir='ltr'><strong>hominnm</strong></span> 
     </span>
     <span class='ocr_line' id='line_1_6' title="bbox 165 772 1218 856; baseline 0 -22"><span class='ocrx_word' id='word_1_35' title='bbox 165 774 415 854; x_wconf 78' lang='lat' dir='ltr'><strong>sparspexisset,</strong></span> <span class='ocrx_word' id='word_1_36' title='bbox 438 772 520 846; x_wconf 90' lang='lat' dir='ltr'><strong>loca,</strong></span> <span class='ocrx_word' id='word_1_37' title='bbox 543 784 664 854; x_wconf 88' lang='lat' dir='ltr'><strong>portus,</strong></span> <span class='ocrx_word' id='word_1_38' title='bbox 693 773 794 836; x_wconf 91' lang='lat' dir='ltr'><strong>aditus</strong></span> <span class='ocrx_word' id='word_1_39' title='bbox 817 774 1023 856; x_wconf 83' lang='lat' dir='ltr'><strong>cognovisset3</strong></span> <span class='ocrx_word' id='word_1_40' title='bbox 1051 793 1129 854; x_wconf 88' lang='lat' dir='ltr'><strong>quae</strong></span> <span class='ocrx_word' id='word_1_41' title='bbox 1151 793 1218 835; x_wconf 89' lang='lat' dir='ltr'><strong>orn-</strong></span> 
     </span>
     <span class='ocr_line' id='line_1_7' title="bbox 196 858 1217 942; baseline -0.002 -19"><span class='ocrx_word' id='word_1_42' title='bbox 196 859 248 923; x_wconf 89' lang='lat' dir='ltr'><strong>nia</strong></span> <span class='ocrx_word' id='word_1_43' title='bbox 268 861 331 921; x_wconf 84' lang='lat' dir='ltr'><strong>tere</strong></span> <span class='ocrx_word' id='word_1_44' title='bbox 354 858 453 921; x_wconf 88' lang='lat' dir='ltr'><strong>Gallis</strong></span> <span class='ocrx_word' id='word_1_45' title='bbox 477 868 565 922; x_wconf 91' lang='lat' dir='ltr'><strong>erant</strong></span> <span class='ocrx_word' id='word_1_46' title='bbox 585 861 747 942; x_wconf 83' lang='lat' dir='ltr'><strong>incognita</strong></span> <span class='ocrx_word' id='word_1_47' title='bbox 783 860 890 941; x_wconf 86' lang='lat' dir='ltr'>Neque</span> <span class='ocrx_word' id='word_1_48' title='bbox 906 860 985 922; x_wconf 92' lang='lat' dir='ltr'><strong>enim</strong></span> <span class='ocrx_word' id='word_1_49' title='bbox 999 870 1112 921; x_wconf 88' lang='lat' dir='ltr'><strong>temere</strong></span> <span class='ocrx_word' id='word_1_50' title='bbox 1126 879 1217 941; x_wconf 90' lang='lat' dir='ltr'><strong>prae-</strong></span> 
     </span>
     <span class='ocr_line' id='line_1_8' title="bbox 196 946 1219 1028; baseline -0.001 -20"><span class='ocrx_word' id='word_1_51' title='bbox 196 956 243 1008; x_wconf 90' lang='lat' dir='ltr'><strong>ter</strong></span> <span class='ocrx_word' id='word_1_52' title='bbox 270 955 452 1008; x_wconf 83' lang='lat' dir='ltr'>mercatores</span> <span class='ocrx_word' id='word_1_53' title='bbox 474 946 526 1008; x_wconf 89' lang='lat' dir='ltr'><strong>illo</strong></span> <span class='ocrx_word' id='word_1_54' title='bbox 550 947 626 1009; x_wconf 84' lang='lat' dir='ltr'><strong>adiit</strong></span> <span class='ocrx_word' id='word_1_55' title='bbox 648 947 819 1028; x_wconf 86' lang='lat' dir='ltr'><strong>qnisquam,</strong></span> <span class='ocrx_word' id='word_1_56' title='bbox 848 966 943 1027; x_wconf 90' lang='lat' dir='ltr'><strong>neque</strong></span> <span class='ocrx_word' id='word_1_57' title='bbox 970 946 1007 1007; x_wconf 89' lang='lat' dir='ltr'><strong>iis</strong></span> <span class='ocrx_word' id='word_1_58' title='bbox 1034 946 1109 1026; x_wconf 88' lang='lat' dir='ltr'><strong>ipsis</strong></span> <span class='ocrx_word' id='word_1_59' title='bbox 1132 946 1219 1027; x_wconf 90' lang='lat' dir='ltr'><strong>quic-</strong></span> 
     </span>
     <span class='ocr_line' id='line_1_9' title="bbox 196 1032 1220 1114; baseline 0 -20"><span class='ocrx_word' id='word_1_60' title='bbox 196 1052 286 1114; x_wconf 88' lang='lat' dir='ltr'><strong>quam</strong></span> <span class='ocrx_word' id='word_1_61' title='bbox 310 1042 430 1112; x_wconf 88' lang='lat' dir='ltr'><strong>praeter</strong></span> <span class='ocrx_word' id='word_1_62' title='bbox 451 1051 536 1094; x_wconf 91' lang='lat' dir='ltr'><strong>oram</strong></span> <span class='ocrx_word' id='word_1_63' title='bbox 558 1033 740 1095; x_wconf 82' lang='lat' dir='ltr'><strong>maritimam</strong></span> <span class='ocrx_word' id='word_1_64' title='bbox 764 1044 855 1114; x_wconf 91' lang='lat' dir='ltr'><strong>atque</strong></span> <span class='ocrx_word' id='word_1_65' title='bbox 878 1052 931 1094; x_wconf 83' lang='lat' dir='ltr'><strong>cas</strong></span> <span class='ocrx_word' id='word_1_66' title='bbox 953 1032 1105 1113; x_wconf 79' lang='lat' dir='ltr'><strong>regiones,</strong></span> <span class='ocrx_word' id='word_1_67' title='bbox 1140 1052 1220 1113; x_wconf 89' lang='lat' dir='ltr'><strong>quae</strong></span> 
     </span>
     <span class='ocr_line' id='line_1_10' title="bbox 196 1117 1218 1199; baseline -0.002 -18"><span class='ocrx_word' id='word_1_68' title='bbox 196 1128 268 1181; x_wconf 86' lang='lat' dir='ltr'><strong>sunt</strong></span> <span class='ocrx_word' id='word_1_69' title='bbox 300 1128 407 1181; x_wconf 90' lang='lat' dir='ltr'><strong>contra</strong></span> <span class='ocrx_word' id='word_1_70' title='bbox 439 1117 573 1194; x_wconf 85' lang='lat' dir='ltr'><strong>Gallias,</strong></span> <span class='ocrx_word' id='word_1_71' title='bbox 608 1129 712 1181; x_wconf 91' lang='lat' dir='ltr'><strong>notum</strong></span> <span class='ocrx_word' id='word_1_72' title='bbox 740 1129 796 1181; x_wconf 84' lang='lat' dir='ltr'><strong>est</strong></span> <span class='ocrx_word' id='word_1_73' title='bbox 840 1119 948 1199; x_wconf 91' lang='lat' dir='ltr'><strong>Itaque</strong></span> <span class='ocrx_word' id='word_1_74' title='bbox 975 1119 1093 1180; x_wconf 84' lang='lat' dir='ltr'><strong>vocatis</strong></span> <span class='ocrx_word' id='word_1_75' title='bbox 1121 1119 1161 1180; x_wconf 91' lang='lat' dir='ltr'><strong>ad</strong></span> <span class='ocrx_word' id='word_1_76' title='bbox 1184 1138 1218 1180; x_wconf 87' lang='lat' dir='ltr'><strong>se</strong></span> 
     </span>
     <span class='ocr_line' id='line_1_11' title="bbox 152 1203 1219 1287; baseline 0 -22"><span class='ocrx_word' id='word_1_77' title='bbox 152 1204 325 1284; x_wconf 82' lang='lat' dir='ltr'><strong>mundique</strong></span> <span class='ocrx_word' id='word_1_78' title='bbox 353 1206 569 1267; x_wconf 83' lang='lat' dir='ltr'><strong>mercatoribus</strong></span> <span class='ocrx_word' id='word_1_79' title='bbox 598 1208 693 1286; x_wconf 70' lang='lat' dir='ltr'><strong>nerine</strong></span> <span class='ocrx_word' id='word_1_80' title='bbox 718 1215 835 1287; x_wconf 86' lang='lat' dir='ltr'><strong>quanta</strong></span> <span class='ocrx_word' id='word_1_81' title='bbox 857 1215 937 1267; x_wconf 90' lang='lat' dir='ltr'><strong>esset</strong></span> <span class='ocrx_word' id='word_1_82' title='bbox 957 1203 1076 1266; x_wconf 84' lang='lat' dir='ltr'><strong>insulae</strong></span> <span class='ocrx_word' id='word_1_83' title='bbox 1099 1205 1219 1284; x_wconf 85' lang='lat' dir='ltr'><strong>magni-</strong></span> 
     </span>
     <span class='ocr_line' id='line_1_12' title="bbox 195 1291 1218 1371; baseline -0.002 -16"><span class='ocrx_word' id='word_1_84' title='bbox 195 1292 284 1363; x_wconf 88' lang='lat' dir='ltr'><strong>tudo,</strong></span> <span class='ocrx_word' id='word_1_85' title='bbox 308 1310 404 1371; x_wconf 90' lang='lat' dir='ltr'><strong>neque</strong></span> <span class='ocrx_word' id='word_1_86' title='bbox 425 1310 502 1371; x_wconf 90' lang='lat' dir='ltr'><strong>qnae</strong></span> <span class='ocrx_word' id='word_1_87' title='bbox 525 1301 579 1352; x_wconf 93' lang='lat' dir='ltr'><strong>aut</strong></span> <span class='ocrx_word' id='word_1_88' title='bbox 601 1299 733 1371; x_wconf 88' lang='lat' dir='ltr'><strong>quantae</strong></span> <span class='ocrx_word' id='word_1_89' title='bbox 754 1292 894 1354; x_wconf 88' lang='lat' dir='ltr'><strong>nationes</strong></span> <span class='ocrx_word' id='word_1_90' title='bbox 916 1291 1094 1366; x_wconf 92' lang='lat' dir='ltr'><strong>incolerent,</strong></span> <span class='ocrx_word' id='word_1_91' title='bbox 1120 1310 1218 1370; x_wconf 92' lang='lat' dir='ltr'><strong>neque</strong></span> 
     </span>
     <span class='ocr_line' id='line_1_13' title="bbox 194 1377 1219 1459; baseline -0.001 -20"><span class='ocrx_word' id='word_1_92' title='bbox 194 1387 284 1459; x_wconf 81' lang='lat' dir='ltr'><strong>quem</strong></span> <span class='ocrx_word' id='word_1_93' title='bbox 318 1396 405 1439; x_wconf 89' lang='lat' dir='ltr'><strong>usum</strong></span> <span class='ocrx_word' id='word_1_94' title='bbox 439 1377 509 1439; x_wconf 91' lang='lat' dir='ltr'><strong>belli</strong></span> <span class='ocrx_word' id='word_1_95' title='bbox 537 1378 685 1440; x_wconf 92' lang='lat' dir='ltr'><strong>haberent</strong></span> <span class='ocrx_word' id='word_1_96' title='bbox 711 1387 765 1441; x_wconf 86' lang='lat' dir='ltr'><strong>aut</strong></span> <span class='ocrx_word' id='word_1_97' title='bbox 791 1378 900 1458; x_wconf 91' lang='lat' dir='ltr'><strong>quibus</strong></span> <span class='ocrx_word' id='word_1_98' title='bbox 921 1377 1070 1439; x_wconf 91' lang='lat' dir='ltr'><strong>institutis</strong></span> <span class='ocrx_word' id='word_1_99' title='bbox 1093 1385 1219 1439; x_wconf 91' lang='lat' dir='ltr'><strong>uteren-</strong></span> 
     </span>
     <span class='ocr_line' id='line_1_14' title="bbox 195 1463 1218 1544; baseline 0.001 -20"><span class='ocrx_word' id='word_1_100' title='bbox 195 1472 255 1536; x_wconf 87' lang='lat' dir='ltr'><strong>tur,</strong></span> <span class='ocrx_word' id='word_1_101' title='bbox 289 1482 385 1544; x_wconf 92' lang='lat' dir='ltr'><strong>neque</strong></span> <span class='ocrx_word' id='word_1_102' title='bbox 413 1463 466 1543; x_wconf 90' lang='lat' dir='ltr'><strong>qui</strong></span> <span class='ocrx_word' id='word_1_103' title='bbox 493 1472 596 1525; x_wconf 89' lang='lat' dir='ltr'>essent</span> <span class='ocrx_word' id='word_1_104' title='bbox 617 1466 658 1527; x_wconf 89' lang='lat' dir='ltr'><strong>ad</strong></span> <span class='ocrx_word' id='word_1_105' title='bbox 680 1465 827 1526; x_wconf 90' lang='lat' dir='ltr'><strong>maiorum</strong></span> <span class='ocrx_word' id='word_1_106' title='bbox 850 1463 972 1526; x_wconf 89' lang='lat' dir='ltr'><strong>navium</strong></span> <span class='ocrx_word' id='word_1_107' title='bbox 995 1463 1218 1526; x_wconf 89' lang='lat' dir='ltr'><strong>multitudinem</strong></span> 
     </span>
     <span class='ocr_line' id='line_1_15' title="bbox 151 1550 1219 1631; baseline -0.001 -19"><span class='ocrx_word' id='word_1_108' title='bbox 151 1550 295 1612; x_wconf 82' lang='lat' dir='ltr'><strong>21iu0nei</strong></span> <span class='ocrx_word' id='word_1_109' title='bbox 327 1559 450 1631; x_wconf 89' lang='lat' dir='ltr'><strong>portus,</strong></span> <span class='ocrx_word' id='word_1_110' title='bbox 485 1550 614 1631; x_wconf 92' lang='lat' dir='ltr'><strong>reperire</strong></span> <span class='ocrx_word' id='word_1_111' title='bbox 642 1559 771 1630; x_wconf 89' lang='lat' dir='ltr'><strong>poterat.</strong></span> <span class='ocrx_word' id='word_1_112' title='bbox 815 1550 868 1612; x_wconf 90' lang='lat' dir='ltr'><strong>Ad</strong></span> <span class='ocrx_word' id='word_1_113' title='bbox 895 1551 971 1612; x_wconf 92' lang='lat' dir='ltr'><strong>haec</strong></span> <span class='ocrx_word' id='word_1_114' title='bbox 993 1550 1219 1630; x_wconf 82' lang='lat' dir='ltr'><strong>cognoscenda,</strong></span> 
     </span>
     <span class='ocr_line' id='line_1_16' title="bbox 151 1635 1219 1717; baseline 0 -20"><span class='ocrx_word' id='word_1_115' title='bbox 151 1658 179 1697; x_wconf 78' lang='lat' dir='ltr'><strong>rc</strong></span> <span class='ocrx_word' id='word_1_116' title='bbox 193 1636 369 1717; x_wconf 89' lang='lat' dir='ltr'><strong>priusquam</strong></span> <span class='ocrx_word' id='word_1_117' title='bbox 381 1636 545 1716; x_wconf 90' lang='lat' dir='ltr'><strong>periculum</strong></span> <span class='ocrx_word' id='word_1_118' title='bbox 558 1638 681 1710; x_wconf 84' lang='lat' dir='ltr'><strong>iaceret,</strong></span> <span class='ocrx_word' id='word_1_119' title='bbox 696 1637 838 1699; x_wconf 92' lang='lat' dir='ltr'><strong>idoneum</strong></span> <span class='ocrx_word' id='word_1_120' title='bbox 850 1656 917 1698; x_wconf 90' lang='lat' dir='ltr'><strong>esse</strong></span> <span class='ocrx_word' id='word_1_121' title='bbox 928 1636 1092 1697; x_wconf 83' lang='lat' dir='ltr'><strong>arbitratus</strong></span> <span class='ocrx_word' id='word_1_122' title='bbox 1105 1635 1219 1697; x_wconf 86' lang='lat' dir='ltr'><strong>Gaium</strong></span> 
     </span>
     <span class='ocr_line' id='line_1_17' title="bbox 192 1722 1218 1804; baseline -0.001 -19"><span class='ocrx_word' id='word_1_123' title='bbox 192 1722 380 1785; x_wconf 83' lang='lat' dir='ltr'><strong>Volusenum</strong></span> <span class='ocrx_word' id='word_1_124' title='bbox 403 1742 470 1784; x_wconf 86' lang='lat' dir='ltr'><strong>cunr</strong></span> <span class='ocrx_word' id='word_1_125' title='bbox 494 1723 565 1784; x_wconf 88' lang='lat' dir='ltr'><strong>navi</strong></span> <span class='ocrx_word' id='word_1_126' title='bbox 587 1723 677 1804; x_wconf 79' lang='lat' dir='ltr'><strong>longa</strong></span> <span class='ocrx_word' id='word_1_127' title='bbox 697 1723 873 1803; x_wconf 81' lang='lat' dir='ltr'><strong>praemittit.</strong></span> <span class='ocrx_word' id='word_1_128' title='bbox 916 1723 997 1785; x_wconf 84' lang='lat' dir='ltr'><strong>Huic</strong></span> <span class='ocrx_word' id='word_1_129' title='bbox 1017 1723 1159 1796; x_wconf 88' lang='lat' dir='ltr'><strong>mandat,</strong></span> <span class='ocrx_word' id='word_1_130' title='bbox 1182 1731 1218 1784; x_wconf 88' lang='lat' dir='ltr'><strong>ut</strong></span> 
     </span>
     <span class='ocr_line' id='line_1_18' title="bbox 195 1809 1219 1890; baseline -0.002 -19"><span class='ocrx_word' id='word_1_131' title='bbox 195 1809 360 1889; x_wconf 87' lang='lat' dir='ltr'><strong>exploratis</strong></span> <span class='ocrx_word' id='word_1_132' title='bbox 383 1810 520 1872; x_wconf 89' lang='lat' dir='ltr'><strong>omnibus</strong></span> <span class='ocrx_word' id='word_1_133' title='bbox 543 1810 633 1871; x_wconf 90' lang='lat' dir='ltr'><strong>rebus</strong></span> <span class='ocrx_word' id='word_1_134' title='bbox 655 1810 695 1871; x_wconf 93' lang='lat' dir='ltr'><strong>ad</strong></span> <span class='ocrx_word' id='word_1_135' title='bbox 717 1829 751 1871; x_wconf 92' lang='lat' dir='ltr'><strong>se</strong></span> <span class='ocrx_word' id='word_1_136' title='bbox 774 1829 863 1890; x_wconf 88' lang='lat' dir='ltr'><strong>quarn</strong></span> <span class='ocrx_word' id='word_1_137' title='bbox 885 1809 1014 1890; x_wconf 88' lang='lat' dir='ltr'><strong>primum</strong></span> <span class='ocrx_word' id='word_1_138' title='bbox 1036 1817 1219 1870; x_wconf 88' lang='lat' dir='ltr'><strong>revertatur.</strong></span> 
     </span>
     <span class='ocr_line' id='line_1_19' title="bbox 194 1893 1219 1976; baseline -0.001 -20"><span class='ocrx_word' id='word_1_139' title='bbox 194 1893 264 1975; x_wconf 89' lang='lat' dir='ltr'><strong>Ipse</strong></span> <span class='ocrx_word' id='word_1_140' title='bbox 298 1915 365 1956; x_wconf 91' lang='lat' dir='ltr'><strong>cnm</strong></span> <span class='ocrx_word' id='word_1_141' title='bbox 399 1896 536 1957; x_wconf 88' lang='lat' dir='ltr'><strong>omnibus</strong></span> <span class='ocrx_word' id='word_1_142' title='bbox 565 1896 658 1976; x_wconf 90' lang='lat' dir='ltr'><strong>copiis</strong></span> <span class='ocrx_word' id='word_1_143' title='bbox 680 1895 712 1957; x_wconf 91' lang='lat' dir='ltr'><strong>in</strong></span> <span class='ocrx_word' id='word_1_144' title='bbox 734 1896 872 1957; x_wconf 86' lang='lat' dir='ltr'><strong>Morinos</strong></span> <span class='ocrx_word' id='word_1_145' title='bbox 893 1894 1103 1975; x_wconf 88' lang='lat' dir='ltr'><strong>proficiscitur,</strong></span> <span class='ocrx_word' id='word_1_146' title='bbox 1138 1895 1219 1974; x_wconf 80' lang='lat' dir='ltr'><strong>quod</strong></span> 
     </span>
     <span class='ocr_line' id='line_1_20' title="bbox 194 1980 1218 2044; baseline 0 -2"><span class='ocrx_word' id='word_1_147' title='bbox 194 1980 263 2042; x_wconf 90' lang='lat' dir='ltr'><strong>inde</strong></span> <span class='ocrx_word' id='word_1_148' title='bbox 291 1989 355 2042; x_wconf 90' lang='lat' dir='ltr'><strong>erat</strong></span> <span class='ocrx_word' id='word_1_149' title='bbox 381 1982 578 2044; x_wconf 90' lang='lat' dir='ltr'><strong>brevissimus</strong></span> <span class='ocrx_word' id='word_1_150' title='bbox 605 1982 637 2044; x_wconf 90' lang='lat' dir='ltr'><strong>in</strong></span> <span class='ocrx_word' id='word_1_151' title='bbox 658 1982 848 2044; x_wconf 86' lang='lat' dir='ltr'><strong>Britanniam</strong></span> <span class='ocrx_word' id='word_1_152' title='bbox 870 1981 1024 2044; x_wconf 89' lang='lat' dir='ltr'><strong>traiectus.</strong></span> <span class='ocrx_word' id='word_1_153' title='bbox 1068 1981 1137 2043; x_wconf 88' lang='lat' dir='ltr'><strong>Huc</strong></span> <span class='ocrx_word' id='word_1_154' title='bbox 1160 2000 1218 2042; x_wconf 90' lang='lat' dir='ltr'><strong>na-</strong></span> 
     </span>
     <span class='ocr_line' id='line_1_21' title="bbox 152 2066 1219 2148; baseline 0 -20"><span class='ocrx_word' id='word_1_155' title='bbox 152 2083 182 2121; x_wconf 73' lang='lat' dir='ltr'><strong>m</strong></span> <span class='ocrx_word' id='word_1_156' title='bbox 195 2086 250 2129; x_wconf 84' lang='lat' dir='ltr'><strong>res</strong></span> <span class='ocrx_word' id='word_1_157' title='bbox 282 2067 414 2146; x_wconf 89' lang='lat' dir='ltr'><strong>undique</strong></span> <span class='ocrx_word' id='word_1_158' title='bbox 448 2087 485 2129; x_wconf 91' lang='lat' dir='ltr'><strong>ex</strong></span> <span class='ocrx_word' id='word_1_159' title='bbox 517 2068 652 2129; x_wconf 86' lang='lat' dir='ltr'><strong>finitimis</strong></span> <span class='ocrx_word' id='word_1_160' title='bbox 685 2068 857 2148; x_wconf 81' lang='lat' dir='ltr'><strong>regionibns</strong></span> <span class='ocrx_word' id='word_1_161' title='bbox 885 2077 917 2130; x_wconf 91' lang='lat' dir='ltr'><strong>et</strong></span> <span class='ocrx_word' id='word_1_162' title='bbox 943 2086 1034 2146; x_wconf 88' lang='lat' dir='ltr'><strong>quarn</strong></span> <span class='ocrx_word' id='word_1_163' title='bbox 1063 2066 1219 2147; x_wconf 84' lang='lat' dir='ltr'><strong>superiore</strong></span> 
     </span>
     <span class='ocr_line' id='line_1_22' title="bbox 195 2152 1219 2215; baseline 0 -1"><span class='ocrx_word' id='word_1_164' title='bbox 195 2160 313 2214; x_wconf 88' lang='lat' dir='ltr'><strong>aestate</strong></span> <span class='ocrx_word' id='word_1_165' title='bbox 336 2153 376 2213; x_wconf 91' lang='lat' dir='ltr'><strong>ad</strong></span> <span class='ocrx_word' id='word_1_166' title='bbox 397 2153 576 2215; x_wconf 84' lang='lat' dir='ltr'><strong>Veneticum</strong></span> <span class='ocrx_word' id='word_1_167' title='bbox 599 2152 712 2215; x_wconf 92' lang='lat' dir='ltr'><strong>bellum</strong></span> <span class='ocrx_word' id='word_1_168' title='bbox 735 2155 874 2215; x_wconf 85' lang='lat' dir='ltr'><strong>effecerat</strong></span> <span class='ocrx_word' id='word_1_169' title='bbox 896 2153 1023 2215; x_wconf 89' lang='lat' dir='ltr'><strong>classem</strong></span> <span class='ocrx_word' id='word_1_170' title='bbox 1044 2153 1130 2215; x_wconf 90' lang='lat' dir='ltr'><strong>iubet</strong></span> <span class='ocrx_word' id='word_1_171' title='bbox 1144 2172 1219 2215; x_wconf 91' lang='lat' dir='ltr'><strong>oon-</strong></span> 
     </span>
     <span class='ocr_line' id='line_1_23' title="bbox 194 2238 1218 2320; baseline 0.001 -21"><span class='ocrx_word' id='word_1_172' title='bbox 194 2238 307 2301; x_wconf 84' lang='lat' dir='ltr'><strong>venire.</strong></span> <span class='ocrx_word' id='word_1_173' title='bbox 361 2239 484 2301; x_wconf 90' lang='lat' dir='ltr'><strong>Interim</strong></span> <span class='ocrx_word' id='word_1_174' title='bbox 513 2240 636 2301; x_wconf 91' lang='lat' dir='ltr'><strong>consilio</strong></span> <span class='ocrx_word' id='word_1_175' title='bbox 665 2240 728 2302; x_wconf 89' lang='lat' dir='ltr'><strong>eius</strong></span> <span class='ocrx_word' id='word_1_176' title='bbox 756 2241 874 2320; x_wconf 85' lang='lat' dir='ltr'><strong>cognito</strong></span> <span class='ocrx_word' id='word_1_177' title='bbox 903 2248 934 2301; x_wconf 90' lang='lat' dir='ltr'><strong>et</strong></span> <span class='ocrx_word' id='word_1_178' title='bbox 960 2259 1014 2320; x_wconf 88' lang='lat' dir='ltr'><strong>per</strong></span> <span class='ocrx_word' id='word_1_179' title='bbox 1035 2248 1218 2303; x_wconf 86' lang='lat' dir='ltr'><strong>mercatores</strong></span> 
     </span>
     <span class='ocr_line' id='line_1_24' title="bbox 193 2325 1217 2406; baseline 0.001 -19"><span class='ocrx_word' id='word_1_180' title='bbox 193 2325 312 2405; x_wconf 88' lang='lat' dir='ltr'><strong>perlato</strong></span> <span class='ocrx_word' id='word_1_181' title='bbox 335 2327 376 2387; x_wconf 89' lang='lat' dir='ltr'><strong>ad</strong></span> <span class='ocrx_word' id='word_1_182' title='bbox 396 2327 560 2387; x_wconf 87' lang='lat' dir='ltr'><strong>Britannos</strong></span> <span class='ocrx_word' id='word_1_183' title='bbox 583 2345 603 2387; x_wconf 89' lang='lat' dir='ltr'><strong>a</strong></span> <span class='ocrx_word' id='word_1_184' title='bbox 624 2326 825 2406; x_wconf 89' lang='lat' dir='ltr'><strong>compluribus</strong></span> <span class='ocrx_word' id='word_1_185' title='bbox 847 2326 966 2388; x_wconf 89' lang='lat' dir='ltr'><strong>insulae</strong></span> <span class='ocrx_word' id='word_1_186' title='bbox 988 2325 1161 2388; x_wconf 87' lang='lat' dir='ltr'><strong>civitatibus</strong></span> <span class='ocrx_word' id='word_1_187' title='bbox 1177 2327 1217 2388; x_wconf 84' lang='lat' dir='ltr'><strong>ad</strong></span> 
     </span>
     <span class='ocr_line' id='line_1_25' title="bbox 196 2412 1217 2493; baseline 0.001 -20"><span class='ocrx_word' id='word_1_188' title='bbox 196 2430 263 2473; x_wconf 92' lang='lat' dir='ltr'><strong>enm</strong></span> <span class='ocrx_word' id='word_1_189' title='bbox 295 2412 388 2491; x_wconf 86' lang='lat' dir='ltr'><strong>legati</strong></span> <span class='ocrx_word' id='word_1_190' title='bbox 415 2412 556 2485; x_wconf 87' lang='lat' dir='ltr'><strong>veniunt,</strong></span> <span class='ocrx_word' id='word_1_191' title='bbox 590 2412 642 2493; x_wconf 88' lang='lat' dir='ltr'><strong>qui</strong></span> <span class='ocrx_word' id='word_1_192' title='bbox 668 2412 866 2492; x_wconf 89' lang='lat' dir='ltr'><strong>polliceantur</strong></span> <span class='ocrx_word' id='word_1_193' title='bbox 888 2413 1008 2474; x_wconf 87' lang='lat' dir='ltr'><strong>obsides</strong></span> <span class='ocrx_word' id='word_1_194' title='bbox 1031 2414 1103 2474; x_wconf 91' lang='lat' dir='ltr'><strong>dare</strong></span> <span class='ocrx_word' id='word_1_195' title='bbox 1125 2421 1217 2492; x_wconf 90' lang='lat' dir='ltr'><strong>atque</strong></span> 
     </span>
     <span class='ocr_line' id='line_1_26' title="bbox 152 2496 1300 2579; baseline 0 -20"><span class='ocrx_word' id='word_1_196' title='bbox 152 2524 181 2563; x_wconf 70' lang='lat' dir='ltr'><strong>as</strong></span> <span class='ocrx_word' id='word_1_197' title='bbox 193 2497 317 2577; x_wconf 89' lang='lat' dir='ltr'><strong>imperio</strong></span> <span class='ocrx_word' id='word_1_198' title='bbox 345 2498 448 2579; x_wconf 93' lang='lat' dir='ltr'><strong>populi</strong></span> <span class='ocrx_word' id='word_1_199' title='bbox 474 2498 607 2560; x_wconf 90' lang='lat' dir='ltr'><strong>Romani</strong></span> <span class='ocrx_word' id='word_1_200' title='bbox 635 2500 851 2579; x_wconf 89' lang='lat' dir='ltr'><strong>obtemperare.</strong></span> <span class='ocrx_word' id='word_1_201' title='bbox 901 2496 1020 2568; x_wconf 79' lang='lat' dir='ltr'><strong>Quibus</strong></span> <span class='ocrx_word' id='word_1_202' title='bbox 1043 2498 1155 2560; x_wconf 87' lang='lat' dir='ltr'><strong>auditis</strong></span> <span class='ocrx_word' id='word_1_203' title='bbox 1178 2498 1217 2560; x_wconf 90' lang='lat' dir='ltr'><strong>li-</strong></span> <span class='ocrx_word' id='word_1_204' title='bbox 1296 2504 1300 2513; x_wconf 93' lang='grc'><strong>“</strong></span> 
     </span>
     <span class='ocr_line' id='line_1_27' title="bbox 194 2584 1215 2665; baseline 0 -20"><span class='ocrx_word' id='word_1_205' title='bbox 194 2584 338 2645; x_wconf 87' lang='lat' dir='ltr'><strong>beraliter</strong></span> <span class='ocrx_word' id='word_1_206' title='bbox 368 2584 520 2664; x_wconf 87' lang='lat' dir='ltr'><strong>pollicitus</strong></span> <span class='ocrx_word' id='word_1_207' title='bbox 547 2584 761 2665; x_wconf 87' lang='lat' dir='ltr'><strong>hortatusque,</strong></span> <span class='ocrx_word' id='word_1_208' title='bbox 796 2595 830 2646; x_wconf 91' lang='lat' dir='ltr'><strong>ut</strong></span> <span class='ocrx_word' id='word_1_209' title='bbox 856 2585 888 2647; x_wconf 92' lang='lat' dir='ltr'><strong>in</strong></span> <span class='ocrx_word' id='word_1_210' title='bbox 911 2605 947 2646; x_wconf 88' lang='lat' dir='ltr'><strong>ea</strong></span> <span class='ocrx_word' id='word_1_211' title='bbox 970 2584 1123 2646; x_wconf 87' lang='lat' dir='ltr'><strong>sententia</strong></span> <span class='ocrx_word' id='word_1_212' title='bbox 1144 2604 1215 2664; x_wconf 90' lang='lat' dir='ltr'><strong>per-</strong></span> 
     </span>
     <span class='ocr_line' id='line_1_28' title="bbox 194 2670 1215 2746; baseline 0.002 -15"><span class='ocrx_word' id='word_1_213' title='bbox 194 2679 366 2745; x_wconf 88' lang='lat' dir='ltr'><strong>manerent,</strong></span> <span class='ocrx_word' id='word_1_214' title='bbox 390 2691 441 2732; x_wconf 87' lang='lat' dir='ltr'><strong>eos</strong></span> <span class='ocrx_word' id='word_1_215' title='bbox 465 2673 585 2732; x_wconf 90' lang='lat' dir='ltr'><strong>domum</strong></span> <span class='ocrx_word' id='word_1_216' title='bbox 607 2670 747 2746; x_wconf 88' lang='lat' dir='ltr'><strong>remittit,</strong></span> <span class='ocrx_word' id='word_1_217' title='bbox 772 2681 802 2733; x_wconf 93' lang='lat' dir='ltr'><strong>et</strong></span> <span class='ocrx_word' id='word_1_218' title='bbox 824 2690 891 2732; x_wconf 88' lang='lat' dir='ltr'><strong>curn</strong></span> <span class='ocrx_word' id='word_1_219' title='bbox 907 2671 944 2732; x_wconf 91' lang='lat' dir='ltr'><strong>iis</strong></span> <span class='ocrx_word' id='word_1_220' title='bbox 960 2690 1021 2732; x_wconf 93' lang='lat' dir='ltr'><strong>una</strong></span> <span class='ocrx_word' id='word_1_221' title='bbox 1036 2670 1215 2745; x_wconf 88' lang='lat' dir='ltr'><strong>Commium,</strong></span> 
     </span>
     <span class='ocr_line' id='line_1_29' title="bbox 193 2756 1215 2838; baseline 0.001 -21"><span class='ocrx_word' id='word_1_222' title='bbox 193 2775 283 2837; x_wconf 89' lang='lat' dir='ltr'><strong>quem</strong></span> <span class='ocrx_word' id='word_1_223' title='bbox 309 2756 375 2837; x_wconf 88' lang='lat' dir='ltr'><strong>ipse</strong></span> <span class='ocrx_word' id='word_1_224' title='bbox 401 2756 604 2819; x_wconf 89' lang='lat' dir='ltr'><strong>Atrebatibus</strong></span> <span class='ocrx_word' id='word_1_225' title='bbox 632 2757 782 2837; x_wconf 87' lang='lat' dir='ltr'><strong>superatis</strong></span> <span class='ocrx_word' id='word_1_226' title='bbox 809 2777 908 2838; x_wconf 86' lang='lat' dir='ltr'><strong>regern</strong></span> <span class='ocrx_word' id='word_1_227' title='bbox 935 2757 978 2819; x_wconf 89' lang='lat' dir='ltr'><strong>ibi</strong></span> <span class='ocrx_word' id='word_1_228' title='bbox 1000 2757 1215 2831; x_wconf 90' lang='lat' dir='ltr'><strong>constituerat,</strong></span> 
     </span>
     <span class='ocr_line' id='line_1_30' title="bbox 193 2842 1214 2924; baseline 0 -20"><span class='ocrx_word' id='word_1_229' title='bbox 193 2843 277 2905; x_wconf 91' lang='lat' dir='ltr'><strong>cuins</strong></span> <span class='ocrx_word' id='word_1_230' title='bbox 307 2852 338 2904; x_wconf 91' lang='lat' dir='ltr'><strong>et</strong></span> <span class='ocrx_word' id='word_1_231' title='bbox 364 2842 506 2904; x_wconf 87' lang='lat' dir='ltr'><strong>virtutem</strong></span> <span class='ocrx_word' id='word_1_232' title='bbox 530 2851 561 2905; x_wconf 90' lang='lat' dir='ltr'><strong>et</strong></span> <span class='ocrx_word' id='word_1_233' title='bbox 584 2843 739 2905; x_wconf 90' lang='lat' dir='ltr'><strong>consilinm</strong></span> <span class='ocrx_word' id='word_1_234' title='bbox 761 2845 911 2924; x_wconf 88' lang='lat' dir='ltr'><strong>probabat</strong></span> <span class='ocrx_word' id='word_1_235' title='bbox 933 2852 1073 2923; x_wconf 86' lang='lat' dir='ltr'><strong>atquem</strong></span> <span class='ocrx_word' id='word_1_236' title='bbox 1095 2843 1152 2905; x_wconf 93' lang='lat' dir='ltr'><strong>sibi</strong></span> <span class='ocrx_word' id='word_1_237' title='bbox 1174 2845 1214 2904; x_wconf 85' lang='lat' dir='ltr'><strong>fi-</strong></span> 
     </span>
     <span class='ocr_line' id='line_1_31' title="bbox 151 2928 1214 3011; baseline -0.004 -17"><span class='ocrx_word' id='word_1_238' title='bbox 151 2956 180 2994; x_wconf 82' lang='lat' dir='ltr'><strong>co</strong></span> <span class='ocrx_word' id='word_1_239' title='bbox 193 2928 289 2991; x_wconf 86' lang='lat' dir='ltr'><strong>delam</strong></span> <span class='ocrx_word' id='word_1_240' title='bbox 312 2948 378 2991; x_wconf 86' lang='lat' dir='ltr'><strong>esse</strong></span> <span class='ocrx_word' id='word_1_241' title='bbox 401 2930 618 3002; x_wconf 88' lang='lat' dir='ltr'><strong>arbitrabatur,</strong></span> <span class='ocrx_word' id='word_1_242' title='bbox 642 2930 783 3011; x_wconf 92' lang='lat' dir='ltr'><strong>cuiusque</strong></span> <span class='ocrx_word' id='word_1_243' title='bbox 805 2931 970 2993; x_wconf 90' lang='lat' dir='ltr'><strong>auctoritas</strong></span> <span class='ocrx_word' id='word_1_244' title='bbox 992 2930 1024 2991; x_wconf 92' lang='lat' dir='ltr'><strong>in</strong></span> <span class='ocrx_word' id='word_1_245' title='bbox 1045 2929 1092 2991; x_wconf 93' lang='lat' dir='ltr'><strong>his</strong></span> <span class='ocrx_word' id='word_1_246' title='bbox 1115 2929 1214 3010; x_wconf 80' lang='lat' dir='ltr'><strong>regic-</strong></span> 
     </span>
     <span class='ocr_line' id='line_1_32' title="bbox 193 3014 1216 3097; baseline 0 -20"><span class='ocrx_word' id='word_1_247' title='bbox 193 3014 282 3077; x_wconf 91' lang='lat' dir='ltr'><strong>nibns</strong></span> <span class='ocrx_word' id='word_1_248' title='bbox 305 3015 406 3096; x_wconf 80' lang='lat' dir='ltr'><strong>magni</strong></span> <span class='ocrx_word' id='word_1_249' title='bbox 427 3016 607 3090; x_wconf 90' lang='lat' dir='ltr'><strong>habebatur,</strong></span> <span class='ocrx_word' id='word_1_250' title='bbox 630 3016 733 3079; x_wconf 90' lang='lat' dir='ltr'><strong>mittit.</strong></span> <span class='ocrx_word' id='word_1_251' title='bbox 776 3018 856 3079; x_wconf 90' lang='lat' dir='ltr'><strong>Huic</strong></span> <span class='ocrx_word' id='word_1_252' title='bbox 877 3017 1021 3097; x_wconf 92' lang='lat' dir='ltr'><strong>imperat,</strong></span> <span class='ocrx_word' id='word_1_253' title='bbox 1044 3034 1121 3096; x_wconf 86' lang='lat' dir='ltr'><strong>quas</strong></span> <span class='ocrx_word' id='word_1_254' title='bbox 1140 3035 1216 3096; x_wconf 90' lang='lat' dir='ltr'><strong>pos·</strong></span> 
     </span>
     <span class='ocr_line' id='line_1_33' title="bbox 191 3101 1214 3183; baseline -0.001 -19"><span class='ocrx_word' id='word_1_255' title='bbox 191 3101 260 3174; x_wconf 85' lang='lat' dir='ltr'><strong>sit,¹</strong></span> <span class='ocrx_word' id='word_1_256' title='bbox 277 3103 369 3163; x_wconf 87' lang='lat' dir='ltr'><strong>adeat</strong></span> <span class='ocrx_word' id='word_1_257' title='bbox 390 3102 530 3164; x_wconf 90' lang='lat' dir='ltr'><strong>civitates</strong></span> <span class='ocrx_word' id='word_1_258' title='bbox 553 3102 764 3183; x_wconf 90' lang='lat' dir='ltr'><strong>horteturque,</strong></span> <span class='ocrx_word' id='word_1_259' title='bbox 793 3113 827 3165; x_wconf 91' lang='lat' dir='ltr'><strong>ut</strong></span> <span class='ocrx_word' id='word_1_260' title='bbox 848 3104 951 3183; x_wconf 94' lang='lat' dir='ltr'><strong>populi</strong></span> <span class='ocrx_word' id='word_1_261' title='bbox 971 3102 1102 3164; x_wconf 88' lang='lat' dir='ltr'><strong>Romani</strong></span> <span class='ocrx_word' id='word_1_262' title='bbox 1124 3103 1214 3164; x_wconf 86' lang='lat' dir='ltr'><strong>fidem</strong></span> 
     </span>
     <span class='ocr_line' id='line_1_34' title="bbox 191 3187 1214 3270; baseline -0.002 -19"><span class='ocrx_word' id='word_1_263' title='bbox 191 3198 370 3268; x_wconf 87' lang='lat' dir='ltr'><strong>sequantur,</strong></span> <span class='ocrx_word' id='word_1_264' title='bbox 394 3207 486 3270; x_wconf 85' lang='lat' dir='ltr'><strong>seque</strong></span> <span class='ocrx_word' id='word_1_265' title='bbox 509 3187 642 3250; x_wconf 91' lang='lat' dir='ltr'><strong>celeriter</strong></span> <span class='ocrx_word' id='word_1_266' title='bbox 665 3209 699 3250; x_wconf 90' lang='lat' dir='ltr'><strong>eo</strong></span> <span class='ocrx_word' id='word_1_267' title='bbox 723 3198 882 3251; x_wconf 88' lang='lat' dir='ltr'><strong>venturum</strong></span> <span class='ocrx_word' id='word_1_268' title='bbox 906 3188 1033 3251; x_wconf 90' lang='lat' dir='ltr'><strong>nuntiet.</strong></span> <span class='ocrx_word' id='word_1_269' title='bbox 1078 3188 1214 3250; x_wconf 86' lang='lat' dir='ltr'><strong>Voluse-</strong></span> 
     </span>
     <span class='ocr_line' id='line_1_35' title="bbox 192 3271 1214 3375; baseline -0.001 -38"><span class='ocrx_word' id='word_1_270' title='bbox 192 3293 250 3337; x_wconf 89' lang='lat' dir='ltr'><strong>nus</strong></span> <span class='ocrx_word' id='word_1_271' title='bbox 278 3275 444 3355; x_wconf 90' lang='lat' dir='ltr'><strong>perspectis</strong></span> <span class='ocrx_word' id='word_1_272' title='bbox 466 3274 635 3375; x_wconf 81' lang='lat' dir='ltr'><strong>regionibns</strong></span> <span class='ocrx_word' id='word_1_273' title='bbox 659 3271 812 3349; x_wconf 76' lang='lat' dir='ltr'><strong>omnibus,</strong></span> <span class='ocrx_word' id='word_1_274' title='bbox 841 3286 987 3355; x_wconf 88' lang='lat' dir='ltr'><strong>qnantum</strong></span> <span class='ocrx_word' id='word_1_275' title='bbox 1011 3275 1038 3336; x_wconf 92' lang='lat' dir='ltr'><strong>ei</strong></span> <span class='ocrx_word' id='word_1_276' title='bbox 1059 3274 1214 3337; x_wconf 75' lang='lat' dir='ltr'><strong>facultatis</strong></span> 
     </span>
     <span class='ocr_line' id='line_1_36' title="bbox 150 3361 1215 3442; baseline -0.001 -19"><span class='ocrx_word' id='word_1_277' title='bbox 150 3383 178 3423; x_wconf 77' lang='lat' dir='ltr'><strong>aa</strong></span> <span class='ocrx_word' id='word_1_278' title='bbox 193 3361 259 3424; x_wconf 86' lang='lat' dir='ltr'><strong>dari</strong></span> <span class='ocrx_word' id='word_1_279' title='bbox 291 3361 406 3442; x_wconf 92' lang='lat' dir='ltr'><strong>potnit,</strong></span> <span class='ocrx_word' id='word_1_280' title='bbox 441 3361 492 3441; x_wconf 93' lang='lat' dir='ltr'><strong>qui</strong></span> <span class='ocrx_word' id='word_1_281' title='bbox 525 3361 597 3423; x_wconf 88' lang='lat' dir='ltr'><strong>navi</strong></span> <span class='ocrx_word' id='word_1_282' title='bbox 625 3363 725 3442; x_wconf 85' lang='lat' dir='ltr'><strong>egredi</strong></span> <span class='ocrx_word' id='word_1_283' title='bbox 753 3381 789 3424; x_wconf 89' lang='lat' dir='ltr'><strong>ac</strong></span> <span class='ocrx_word' id='word_1_284' title='bbox 811 3380 843 3423; x_wconf 88' lang='lat' dir='ltr'><strong>se</strong></span> <span class='ocrx_word' id='word_1_285' title='bbox 866 3362 1005 3424; x_wconf 88' lang='lat' dir='ltr'><strong>barbaris</strong></span> <span class='ocrx_word' id='word_1_286' title='bbox 1028 3361 1215 3423; x_wconf 90' lang='lat' dir='ltr'><strong>committere</strong></span> 
     </span>
     <span class='ocr_line' id='line_1_37' title="bbox 191 3447 1215 3528; baseline -0.001 -19"><span class='ocrx_word' id='word_1_287' title='bbox 191 3466 252 3509; x_wconf 91' lang='lat' dir='ltr'><strong>non</strong></span> <span class='ocrx_word' id='word_1_288' title='bbox 275 3449 413 3520; x_wconf 86' lang='lat' dir='ltr'><strong>auderet,</strong></span> <span class='ocrx_word' id='word_1_289' title='bbox 442 3447 547 3528; x_wconf 90' lang='lat' dir='ltr'><strong>quinto</strong></span> <span class='ocrx_word' id='word_1_290' title='bbox 575 3447 624 3510; x_wconf 92' lang='lat' dir='ltr'><strong>die</strong></span> <span class='ocrx_word' id='word_1_291' title='bbox 652 3450 692 3510; x_wconf 77' lang='lat' dir='ltr'><strong>ad</strong></span> <span class='ocrx_word' id='word_1_292' title='bbox 713 3447 873 3510; x_wconf 84' lang='lat' dir='ltr'><strong>Caesarem</strong></span> <span class='ocrx_word' id='word_1_293' title='bbox 897 3449 1057 3511; x_wconf 88' lang='lat' dir='ltr'><strong>revertitur</strong></span> <span class='ocrx_word' id='word_1_294' title='bbox 1079 3467 1215 3528; x_wconf 90' lang='lat' dir='ltr'><strong>quaeque</strong></span> 
     </span>
     <span class='ocr_line' id='line_1_38' title="bbox 189 3532 1216 3681; baseline 0.001 -86"><span class='ocrx_word' id='word_1_295' title='bbox 189 3532 232 3596; x_wconf 91' lang='lat' dir='ltr'><strong>ibi</strong></span> <span class='ocrx_word' id='word_1_296' title='bbox 252 3535 459 3634; x_wconf 87' lang='lat' dir='ltr'><strong>perspexisset</strong></span> <span class='ocrx_word' id='word_1_297' title='bbox 480 3534 642 3596; x_wconf 87' lang='lat' dir='ltr'><strong>renuntiat</strong></span> <span class='ocrx_word' id='word_1_298' title='bbox 1112 3548 1216 3681; x_wconf 45' lang='lat' dir='ltr'><strong>&amp;aa</strong></span> 
     </span>
     <span class='ocr_line' id='line_1_39' title="bbox 147 3618 1099 3698; baseline 0.002 -18"><span class='ocrx_word' id='word_1_299' title='bbox 147 3637 182 3688; x_wconf 81' lang='lat'><strong>22</strong></span> <span class='ocrx_word' id='word_1_300' title='bbox 254 3621 376 3681; x_wconf 92' lang='lat' dir='ltr'><strong>Dum</strong></span> <span class='ocrx_word' id='word_1_301' title='bbox 368 3641 400 3681; x_wconf 86' lang='lat' dir='ltr'><strong>rn</strong></span> <span class='ocrx_word' id='word_1_302' title='bbox 433 3620 471 3681; x_wconf 93' lang='lat' dir='ltr'><strong>iis</strong></span> <span class='ocrx_word' id='word_1_303' title='bbox 504 3618 578 3683; x_wconf 88' lang='lat' dir='ltr'><strong>locis</strong></span> <span class='ocrx_word' id='word_1_304' title='bbox 605 3618 720 3682; x_wconf 84' lang='lat' dir='ltr'><strong>Caesar</strong></span> <span class='ocrx_word' id='word_1_305' title='bbox 747 3619 869 3680; x_wconf 88' lang='lat' dir='ltr'><strong>navium</strong></span> <span class='ocrx_word' id='word_1_306' title='bbox 897 3622 1099 3698; x_wconf 86' lang='lat' dir='ltr'><strong>parandarum</strong></span> 
     </span>
     <span class='ocr_line' id='line_1_40' title="bbox 192 3704 1215 3788; baseline 0.001 -22"><span class='ocrx_word' id='word_1_307' title='bbox 192 3715 337 3779; x_wconf 89' lang='lat' dir='ltr'><strong>moratur,</strong></span> <span class='ocrx_word' id='word_1_308' title='bbox 367 3726 404 3768; x_wconf 88' lang='lat' dir='ltr'><strong>ex</strong></span> <span class='ocrx_word' id='word_1_309' title='bbox 431 3724 543 3788; x_wconf 83' lang='lat' dir='ltr'><strong>magna</strong></span> <span class='ocrx_word' id='word_1_310' title='bbox 568 3712 656 3787; x_wconf 87' lang='lat' dir='ltr'><strong>parte</strong></span> <span class='ocrx_word' id='word_1_311' title='bbox 684 3704 870 3767; x_wconf 87' lang='lat' dir='ltr'><strong>Morinorum</strong></span> <span class='ocrx_word' id='word_1_312' title='bbox 894 3707 933 3767; x_wconf 89' lang='lat' dir='ltr'><strong>ad</strong></span> <span class='ocrx_word' id='word_1_313' title='bbox 956 3727 1023 3769; x_wconf 88' lang='lat' dir='ltr'><strong>enm</strong></span> <span class='ocrx_word' id='word_1_314' title='bbox 1045 3705 1136 3787; x_wconf 82' lang='lat' dir='ltr'><strong>legati</strong></span> <span class='ocrx_word' id='word_1_315' title='bbox 1157 3725 1215 3767; x_wconf 83' lang='lat' dir='ltr'><strong>ve·</strong></span> 
     </span>
     <span class='ocr_line' id='line_1_41' title="bbox 149 3791 1214 3872; baseline 0.001 -20"><span class='ocrx_word' id='word_1_316' title='bbox 149 3820 178 3859; x_wconf 74' lang='lat'><strong>40</strong></span> <span class='ocrx_word' id='word_1_317' title='bbox 192 3801 316 3866; x_wconf 90' lang='lat' dir='ltr'><strong>nerunt,</strong></span> <span class='ocrx_word' id='word_1_318' title='bbox 340 3792 391 3872; x_wconf 91' lang='lat' dir='ltr'><strong>qui</strong></span> <span class='ocrx_word' id='word_1_319' title='bbox 413 3812 445 3854; x_wconf 93' lang='lat' dir='ltr'><strong>se</strong></span> <span class='ocrx_word' id='word_1_320' title='bbox 469 3795 506 3854; x_wconf 88' lang='lat' dir='ltr'><strong>de</strong></span> <span class='ocrx_word' id='word_1_321' title='bbox 529 3791 692 3872; x_wconf 87' lang='lat' dir='ltr'><strong>superioris</strong></span> <span class='ocrx_word' id='word_1_322' title='bbox 714 3792 858 3872; x_wconf 86' lang='lat' dir='ltr'><strong>temporis</strong></span> <span class='ocrx_word' id='word_1_323' title='bbox 872 3792 1003 3856; x_wconf 86' lang='lat' dir='ltr'><strong>consilio</strong></span> <span class='ocrx_word' id='word_1_324' title='bbox 1025 3801 1214 3865; x_wconf 85' lang='lat' dir='ltr'><strong>excusarent,</strong></span> 
     </span>
     <span class='ocr_line' id='line_1_42' title="bbox 191 3877 1215 3959; baseline 0.003 -22"><span class='ocrx_word' id='word_1_325' title='bbox 191 3877 271 3956; x_wconf 91' lang='lat' dir='ltr'><strong>quod</strong></span> <span class='ocrx_word' id='word_1_326' title='bbox 304 3878 439 3940; x_wconf 90' lang='lat' dir='ltr'><strong>homines</strong></span> <span class='ocrx_word' id='word_1_327' title='bbox 472 3878 596 3941; x_wconf 87' lang='lat' dir='ltr'><strong>barbari</strong></span> <span class='ocrx_word' id='word_1_328' title='bbox 628 3887 669 3940; x_wconf 86' lang='lat' dir='ltr'><strong>et.</strong></span> <span class='ocrx_word' id='word_1_329' title='bbox 687 3888 808 3940; x_wconf 88' lang='lat' dir='ltr'><strong>nostrae</strong></span> <span class='ocrx_word' id='word_1_330' title='bbox 836 3880 1061 3953; x_wconf 81' lang='lat' dir='ltr'><strong>consuetudinis</strong></span> <span class='ocrx_word' id='word_1_331' title='bbox 1082 3878 1215 3959; x_wconf 87' lang='lat' dir='ltr'><strong>imperiti</strong></span> 
     </span>
     <span class='ocr_line' id='line_1_43' title="bbox 191 3961 1213 4049; baseline 0.005 -25"><span class='ocrx_word' id='word_1_332' title='bbox 191 3961 303 4026; x_wconf 87' lang='lat' dir='ltr'><strong>bellurn</strong></span> <span class='ocrx_word' id='word_1_333' title='bbox 336 3965 447 4044; x_wconf 90' lang='lat' dir='ltr'><strong>populo</strong></span> <span class='ocrx_word' id='word_1_334' title='bbox 480 3965 620 4037; x_wconf 84' lang='lat' dir='ltr'><strong>Romano</strong></span> <span class='ocrx_word' id='word_1_335' title='bbox 648 3965 806 4040; x_wconf 86' lang='lat' dir='ltr'><strong>fecissent,</strong></span> <span class='ocrx_word' id='word_1_336' title='bbox 842 3985 934 4046; x_wconf 88' lang='lat' dir='ltr'><strong>seque</strong></span> <span class='ocrx_word' id='word_1_337' title='bbox 962 3986 1014 4041; x_wconf 89' lang='lat' dir='ltr'><strong>ea,</strong></span> <span class='ocrx_word' id='word_1_338' title='bbox 1048 3984 1128 4049; x_wconf 73' lang='lat' dir='ltr'><strong>quac</strong></span> <span class='ocrx_word' id='word_1_339' title='bbox 1152 3965 1213 4029; x_wconf 89' lang='lat' dir='ltr'><strong>im-</strong></span> 
     </span>
    </p>
   </div>
   <div class='ocr_carea' id='block_1_3' title="bbox 0 0 1312 4492">
    <p class='ocr_par' dir='ltr' id='par_1_3' title="bbox 0 0 1312 4492">
     <span class='ocr_line' id='line_1_44' title="bbox 0 0 1312 4492; baseline 0 0"><span class='ocrx_word' id='word_1_340' title='bbox 0 0 1312 4492; x_wconf 95' lang='lat' dir='ltr'><strong> </strong></span> 
     </span>
    </p>
   </div>
  </div>
 </body>
</html>
