2616 4492
464 215 544 334 =uns.
559 286 597 332 11.
619 285 696 334 cnr.
712 269 828 333 8-12.
1122 269 1162 332 31

145 425 366 488 circumventos
387 422 610 486 interfecerunt
648 419 780 495 Hostes,
801 420 854 483 ubi
868 429 900 483 et
914 420 952 482 de
967 423 1165 502 expugnando

146 512 256 591 oppido
284 519 316 573 et
338 512 383 578 de,
397 509 518 571 flumine
540 510 725 571 transeundo
748 527 833 588 spem
856 527 888 568 se
910 507 1051 569 fefellisse
1073 509 1165 570 intel-

145 599 285 659 lexerunt
306 616 401 676 neque
423 607 544 658 nostros
566 597 598 657 in
620 595 717 657 locum
739 594 913 675 iniquiorem
935 595 1072 673 progredi
1085 614 1165 676 pug-

145 684 238 746 nandi
266 702 358 744 causa
383 682 539 757 viderunt,
569 691 660 762 atque
687 682 770 762 ipsos
797 701 846 742 res
873 681 1069 743 frumentaria
1091 683 1166 742 defi-

145 789 211 832 cere
234 769 346 849 coepit,
370 769 493 830 consilio
515 777 678 830 convocato
701 768 919 830 constituemnt
938 768 1082 846 optimum
1100 786 1196 829 esses

146 857 267 918 domum
296 875 380 921 suam
409 874 554 935 quemque
582 855 691 917 reverti
719 865 765 929 et,
799 872 923 933 quorum
950 853 982 915 in
1004 855 1079 915 fines
1101 853 1167 933 pri-

145 961 227 1004 mum
249 941 381 1004 Romani
404 941 566 1003 exercitum
588 941 842 1013 introduxissent,
869 940 908 1001 ad
930 959 982 1002 eos
1005 941 1168 1001 defenden-

147 1029 203 1090 dos
225 1029 357 1109 undique
380 1029 590 1103 convenirent,
613 1038 648 1088 ut
668 1027 768 1106 potius
790 1027 822 1110 in
846 1026 908 1087 suis
932 1044 1022 1106 quam
1044 1026 1075 1087 in
1091 1026 1168 1088 alie-

146 1114 194 1175 nis
227 1115 336 1177 finibus
370 1115 560 1176 decertarent
588 1123 618 1174 et
645 1113 816 1175 domesticis
846 1112 939 1192 copiis
967 1113 1010 1174 rei
1031 1115 1168 1175 frumen·
1261 1151 1264 1157 ·

145 1200 244 1263 tariae
271 1210 433 1262 uterentur.
478 1199 532 1262 Ad
560 1219 627 1261 eam
655 1200 836 1261 sententiam
859 1217 925 1260 cum
948 1199 1071 1279 reliquis
1094 1219 1168 1263 cau-
1181 1223 1213 1262 ro

147 1287 190 1348 sis
218 1287 294 1348 haec
321 1306 437 1367 quoque
459 1286 537 1348 ratio
560 1306 611 1348 eos
635 1287 775 1360 deduxit,
805 1287 884 1364 quod
911 1285 1095 1347 Divitiacum
1118 1295 1169 1348 at·

147 1392 205 1452 que
236 1372 362 1436 Aeduos
390 1373 499 1434 linibus
526 1372 755 1434 Bellovacorum
782 1371 1024 1451 adpropinquare
1057 1391 1169 1453 cogno-

146 1467 262 1520 verant
306 1459 364 1520 His
386 1459 578 1538 persuaderi,
601 1468 636 1519 ut
658 1459 769 1520 diutius
791 1467 980 1519 morarentur
994 1478 1090 1538 neque
1105 1458 1168 1520 suis

146 1545 291 1606 auxilium
312 1547 441 1619 ferrent,
465 1564 526 1605 non
547 1553 677 1624 poterat

210 1631 260 1692 Ea
287 1651 319 1692 re
347 1632 513 1692 constituta
540 1632 671 1692 secunde
691 1629 801 1710 ‚vigilia
821 1648 930 1710 magno
953 1649 1020 1690 cum
1043 1628 1209 1708 strepitull

147 1735 183 1777 ac
216 1717 346 1778 tumultu
373 1716 480 1777 castris
510 1717 622 1795 egressi
649 1715 730 1777 nullo
758 1724 840 1777 certo
864 1716 968 1777 ordine
990 1734 1087 1794 neque
1108 1715 1169 1776 im·
1184 1740 1211 1780 rc

147 1802 247 1881 perio,
276 1821 343 1863 cum
365 1802 423 1862 sibi
446 1801 574 1882 quisque
591 1802 721 1881 primum
743 1802 859 1863 itineris
882 1802 979 1872 locum
999 1810 1117 1880 peteret
1139 1809 1170 1863 et

148 1889 269 1950 domum
292 1887 450 1966 pervenire
471 1896 663 1967 properaret,
695 1889 845 1961 iecerunt,
873 1897 907 1949 ut
934 1888 1097 1949 consimilis
1119 1888 1170 1950 fu-

149 1992 206 2054 gae
232 1973 376 2052 profectio
404 1974 563 2035 videretur.
608 1975 676 2036 Hac
702 1993 734 2035 re
757 1974 861 2035 statim
885 1974 999 2035 Caesar
1019 1993 1074 2054 per
1096 1994 1169 2054 spe-

151 2059 300 2121 culatores
324 2060 444 2140 cognita
457 2060 584 2122 insidias
598 2061 729 2132 veritus,
753 2061 848 2140 quod,
872 2079 931 2139 qua
946 2061 982 2122 de
997 2080 1090 2122 causa
1105 2061 1170 2123 dis-
1183 2086 1213 2124 ao

147 2147 303 2220 cederent,
338 2147 469 2208 nondum
501 2155 713 2226 perspexerat,
748 2147 910 2207 exercitum
936 2147 1170 2233 'equitatumque

148 2232 256 2293 castris
284 2232 440 2293 continuit.
484 2230 591 2294 Prima
615 2234 681 2295 luce
709 2234 886 2307 confirmata
912 2251 944 2294 re
966 2234 1004 2294 ab
1029 2234 1169 2313 explora·

148 2319 263 2380 toribus
292 2337 409 2380 omnem
433 2319 614 2398 equitatum,
643 2319 695 2400 qui
717 2319 913 2380 novissimum
936 2339 1043 2398 agmen
1066 2339 1170 2382 mora·

148 2414 239 2478 retur,
268 2405 432 2483 praemisit.
482 2405 540 2467 His
568 2403 714 2474 Quintum
741 2405 866 2467 Pedium
896 2413 927 2467 et
953 2406 1078 2468 Lucium
1099 2405 1170 2469 Au-

148 2490 331 2552 runculeium
365 2491 486 2553 Cottam
520 2492 636 2572 legatos
669 2492 821 2572 pracfecit.
873 2491 974 2553 Titum
1002 2493 1169 2556 Labienum
1183 2518 1213 2556 as

147 2576 278 2657 legatum
312 2591 377 2639 cum
412 2578 577 2658 legionibus
605 2579 702 2640 tribus
730 2580 873 2658 subsequi
900 2578 998 2640 iussit.
1047 2579 1090 2641 Hi
1112 2598 1169 2640 no-

147 2663 289 2724 vissimos
312 2663 411 2725 adorti
433 2672 464 2725 et
485 2665 580 2725 multa
602 2664 686 2726 milia
704 2684 849 2744 passuum
862 2665 1014 2744 prosecuti
1029 2685 1169 2746 magnam

148 2749 372 2811 multitudinem
401 2769 505 2812 eorum
526 2751 700 2831 fugientium
725 2751 932 2826 conciderunt,
961 2770 1027 2812 cum
1051 2753 1090 2814 ab
1114 2772 1170 2814 ex·

148 2844 242 2897 trenm
266 2836 399 2916 agmine,
433 2838 472 2897 ad
500 2856 575 2915 quos
597 2846 720 2898 ventum
744 2846 825 2921 erat,
861 2837 1063 2908 consisterent,
1081 2839 1170 2901 forti-

149 2930 253 3001 terque
285 2922 429 3001 impetum
456 2931 626 2984 nostrorum
655 2924 784 2985 militum
812 2924 1009 2998 sustinerent,
1036 2925 1168 3004 priores,
1182 2948 1215 2987 ιο

149 3008 228 3088 quod
261 3008 370 3070 abesse
398 3007 568 3087 epericulo
590 3010 764 3071 viderentur
785 3030 881 3090 neque
903 3010 966 3071 ulla
987 3012 1169 3073 necessitate

150 3113 246 3174 neque
268 3094 392 3174 imperio
415 3093 648 3169 continerentur,
672 3097 814 3158 exaudito
838 3097 969 3158 clamore
983 3097 1170 3176 perturbatis

150 3181 305 3243 ordinibus
338 3199 442 3242 omnes
469 3180 502 3241 in
528 3181 599 3260 luga
626 3181 685 3242 sibi
711 3183 895 3261 praesidium
921 3193 1076 3262 ponerent.
1119 3185 1171 3246 Ita

148 3267 214 3329 sine
246 3266 307 3328 ullo
334 3267 465 3347 periculo
492 3274 611 3327 tantam
633 3285 736 3328 eorum
758 3267 979 3330 multitudinem
1000 3271 1098 3332 nostri
1119 3272 1171 3332 in·

150 3355 345 3425 terfecerunt,
381 3361 526 3434 quantum
552 3352 859 3433 missiamanum,
888 3355 943 3417 sub
972 3374 1171 3439 occasumque
1183 3379 1212 3417 os

150 3440 223 3502 solis
247 3440 427 3501 destiterunt
449 3458 538 3520 seque
560 3438 593 3500 in
614 3450 730 3513 eastra,
756 3449 791 3501 ut
812 3450 878 3502 erat
899 3441 1094 3522 imperatum,
1117 3464 1168 3506 re-

150 3535 301 3606 ceperunt.

215 3610 368 3674 Postridie
395 3611 458 3673 eius
487 3611 546 3673 diei
568 3612 694 3688 Caesar,
727 3612 903 3693 priusquam
937 3633 970 3674 se
996 3613 1099 3677 hostes
1132 3623 1214 3682 0112

150 3708 264 3760 terrore
287 3700 415 3778 atinga
437 3694 618 3778 reciperent,
641 3700 673 3760 in
695 3702 770 3761 fines
794 3697 1007 3773 Suessionum,
1031 3703 1081 3781 qui
1095 3723 1170 3783 pro-

150 3785 225 3846 ximi
246 3785 351 3847 Remis
374 3785 476 3860 erant,
501 3786 660 3848 exercitum
683 3787 782 3858 duxit,
807 3794 838 3846 et
851 3804 961 3865 magno
976 3786 1082 3849 itinere
1097 3809 1170 3853 con·
1183 3816 1214 3855 ro

118 3871 228 3933 '‘fecto
262 3873 301 3932 ad
329 3871 470 3951 oppidum
497 3871 710 3935 Noviodunum
740 3871 901 3934 contendit
945 3872 982 3934 Id
1003 3892 1041 3934 ex
1062 3875 1170 3940 itinere

151 3976 326 4038 oppugnare
358 3966 500 4031 conatus,
534 3961 612 4037 quod
644 3978 771 4021 vacuum
799 3958 837 4024 ab
865 3959 1073 4023 defensoribus
1102 3983 1171 4027 esse
