2616 4492
463 320 581 369 urar.
602 304 833 369 coast-62.
1114 303 1158 370 87

141 460 227 522 terim
261 460 498 541 speculatoribus
530 461 561 522 in
588 480 691 522 omnes
718 469 820 541 partos
849 459 981 522 dimissis
1003 459 1154 541 explorat,

138 566 197 628 quo
220 546 456 609 commodissime
478 547 585 609 itinere
606 547 703 609 valles
725 546 847 609 transiri
868 546 974 626 possit

201 633 248 695 Eo
276 633 325 695 die
352 632 487 712 parvulis
515 633 703 713 equestribus
725 633 847 712 proeliis
870 635 910 694 ad
933 650 1042 712 aquam
1065 632 1197 695 iactisto

137 719 256 800 utrique
288 738 357 780 sese
390 738 444 780 suo
471 719 535 780 loco
563 720 730 781 continent:
760 717 856 793 Galli,
885 721 965 799 quod
993 717 1154 797 ampliores

137 805 253 885 copias,
277 825 353 886 quae
376 806 507 866 noudum
529 814 744 880 convenerant,
768 805 999 885 exspectabant3
1027 803 1182 879 Caesam

136 892 163 952 si
183 893 264 953 lorte
286 890 402 953 timoris
425 891 614 953 simulatione
634 892 739 954 hostes
762 891 794 952 in
816 911 904 953 snum
925 892 1024 953 locum
1047 890 1154 954 elicere

134 985 255 1059 posset,
289 986 323 1039 ut
355 978 431 1039 citra
457 978 566 1040 vallem
592 997 646 1058 pro
673 978 781 1040 castris
808 978 920 1057 proelio
946 977 1153 1053 contenderet3

135 1065 162 1125 si
188 1064 221 1126 id
248 1064 364 1126 efficere
385 1083 447 1125 non
467 1074 587 1145 posset,
616 1074 651 1126 ut
672 1064 837 1144 exploratis
858 1065 1016 1127 itineribus
1038 1063 1153 1126 minore

135 1169 202 1211 cum
223 1150 354 1230 periculo
376 1150 488 1212 vallem
509 1151 665 1231 rivumque
687 1151 839 1212 transiret.
882 1151 987 1212 Prima
1008 1151 1072 1212 luce
1093 1150 1152 1211 ho-

134 1236 227 1298 stium
249 1237 400 1318 equitatus
423 1238 462 1298 ad
484 1246 584 1299 castra
606 1238 720 1299 accedit
739 1237 943 1318 proeliumque
957 1256 1024 1299 cum
1039 1235 1152 1298 nostris
1172 1261 1195 1300 n

134 1322 285 1403 equitibus
318 1323 485 1385 committit.
531 1323 647 1385 Caesar
673 1325 809 1385 consulto
838 1324 952 1403 equites
975 1323 1079 1383 cedere
1100 1341 1152 1382 se-

134 1429 191 1490 que
218 1409 250 1470 in
277 1418 380 1471 castra
402 1410 532 1489 recipere
553 1409 651 1483 iubet;
686 1408 773 1471 simul
796 1429 834 1470 ex
856 1409 993 1470 omnibus
1015 1408 1151 1487 partibus

133 1502 235 1556 castra
256 1494 363 1557 altiore
385 1495 467 1557 vallo
489 1495 598 1557 muniri
619 1505 782 1576 portasque
803 1495 917 1556 obstrui
939 1504 1029 1574 atque
1050 1494 1082 1554 iu
1103 1493 1151 1556 his

133 1581 382 1642 administrandis
416 1583 505 1643 rebus
539 1601 629 1661 quam
662 1582 793 1643 maxime
825 1580 994 1642 concursari
1027 1588 1058 1641 et
1084 1597 1152 1643 curu

133 1666 324 1729 simulatione
346 1667 395 1747 agi
417 1668 533 1729 timoris
555 1668 646 1729 iubet
691 1665 810 1738 Quibus
833 1666 970 1728 omnibus
989 1667 1079 1727 rebus
1093 1666 1192 1728 ho-ol

133 1762 196 1813 stes
229 1752 350 1814 invitati
377 1753 479 1832 copias
506 1755 668 1814 traducunt
695 1754 846 1833 aciemque
867 1753 968 1832 iniquo
991 1751 1055 1813 loco
1078 1770 1151 1813 con-
1170 1768 1195 1808 ro

133 1838 279 1912 stituunt;
302 1839 413 1900 uostris
435 1858 507 1900 vero
529 1839 620 1900 etiam
644 1841 680 1901 de
701 1838 782 1900 vallo
805 1838 939 1900 deductis
959 1836 1081 1918 propius
1096 1856 1150 1900 ac-

132 1925 243 1987 cedunt
265 1933 295 1985 et
315 1924 380 1986 tela
400 1925 482 1986 intra
503 1925 697 1987 munitionem
721 1945 759 1986 ex
773 1925 909 1986 omnibus
924 1924 1062 2004 partibus
1076 1944 1150 1987 con-

131 2011 236 2072 iiciunt
257 2010 513 2091 praeconibusque
535 2011 746 2074 circummissis
761 2011 947 2091 pronuntiari
961 2011 1074 2084 iubent,
1097 2030 1150 2073 seu

133 2097 200 2178 quis
223 2096 331 2160 Gallus
354 2116 406 2159 seu
428 2098 583 2160 Romanus
606 2097 679 2158 velit
701 2108 771 2159 ante
792 2097 898 2159 horam
920 2097 1042 2159 tertiam
1062 2098 1102 2158 ad
1116 2117 1150 2159 se
1165 2114 1193 2153 ao

132 2184 277 2259 transire,
312 2184 377 2246 sine
409 2184 539 2265 periculo
572 2184 676 2258 licerc3
708 2193 780 2264 post
805 2184 836 2245 id
864 2193 983 2264 tempus
1005 2202 1065 2245 non
1085 2185 1149 2245 lore

131 2278 328 2350 potestatem:
363 2290 399 2332 ac
425 2271 469 2332 sic
496 2279 616 2333 nostros
639 2279 898 2350 contempserunt,
931 2279 967 2331 ut
988 2270 1148 2332 obstructis

131 2357 163 2418 in
195 2357 323 2438 speciem
350 2357 445 2437 portis
474 2357 598 2438 singulis
620 2356 774 2418 ordinibus
797 2356 977 2436 caespitum,
1011 2356 1090 2436 quod
1112 2375 1151 2418 ea

130 2462 192 2504 non
223 2463 313 2525 posse
345 2444 565 2524 introrumpere
597 2443 794 2516 videbantur,
828 2443 880 2505 alii
911 2442 1026 2503 vallum
1059 2460 1150 2504 mauu

132 2530 281 2603 scindere,
315 2530 366 2591 alii
398 2532 500 2591 fossas
534 2530 680 2609 complere
707 2529 882 2609 inciperent
932 2528 1012 2590 'l'um
1034 2527 1149 2589 (laesor
1163 2544 1193 2584 aa

132 2615 269 2678 omnibns
296 2616 392 2695 portis
415 2616 571 2695 eruptione
591 2618 672 2678 facta
694 2616 888 2698 equitatuque
910 2615 1020 2677 emisso
1043 2613 1148 2676 celeri·

131 2711 179 2762 ter
203 2702 308 2762 hostes
329 2702 362 2762 in
382 2702 483 2782 lugam
505 2704 575 2777 dat,
604 2702 714 2763 sicuti
737 2703 857 2765 omniuo
880 2701 1034 2782 pugnandi
1056 2719 1149 2763 causa

132 2787 287 2849 resisteret
313 2805 415 2860 nemo,
444 2805 643 2868 magnumque
665 2808 702 2850 ex
724 2789 768 2850 eis
790 2808 947 2851 numerum
969 2787 1077 2849 occidit
1098 2796 1148 2850 at-

133 2891 191 2951 quc
214 2889 316 2933 omnes
340 2871 432 2932 armis
455 2872 546 2933 exuit.

195 2956 329 3036 Longius
355 2957 496 3037 prosequi
517 2957 647 3031 veritus,
675 2960 753 3039 quod
775 2958 871 3020 silvae
892 2957 1077 3040 paludesque
1098 2959 1190 3022 in·52

132 3043 324 3104 tercedebaut
356 3061 452 3123 neque
480 3041 570 3102 etiarn
597 3045 724 3121 parvulo
752 3044 931 3106 detrimento
957 3043 1076 3105 illorum
1098 3044 1146 3107 lc·
1161 3066 1184 3104 a

131 3148 197 3190 cum
220 3127 345 3208 relinqui
367 3128 507 3201 ridebat,
530 3128 666 3189 omnibns
689 3130 750 3190 suis
772 3129 968 3191 incolumibus
984 3130 1076 3210 copiis
1092 3149 1147 3192 so-

130 3216 198 3276 dem
221 3215 330 3276 dicad
352 3214 525 3276 Ciceronem
548 3215 691 3293 pervenit.
734 3216 896 3277 Institutas
911 3225 1024 3289 turres,
1047 3224 1148 3278 testu-

131 3302 216 3363 dines
239 3301 477 3381 munitionesque
499 3300 631 3362 hostiurn
653 3301 832 3375 admiratum
866 3301 981 3381 legione
1002 3302 1149 3383 producta

130 3387 282 3468 cognoscit
314 3406 374 3449 non
407 3387 552 3449 decimum
586 3406 731 3467 quemque
759 3407 826 3449 esse
853 3388 999 3468 reliquum
1022 3388 1146 3451 militem
1163 3412 1191 3454 aa

131 3473 197 3535 sine
218 3473 349 3535 vulnere.
393 3473 442 3534 Ex
464 3473 501 3535 iis
524 3474 661 3535 omnibus
683 3473 796 3535 iudicat
817 3475 923 3548 rebus,
947 3483 1060 3554 quanto
1080 3493 1147 3536 cum

129 3560 260 3640 periculo
284 3569 313 3621 et
335 3569 447 3641 quanta
468 3580 534 3621 curn
555 3560 666 3621 virtute
680 3580 729 3622 res
744 3561 806 3622 sint
820 3560 1059 3622 administratae.
1092 3561 1147 3623 Gi-

131 3666 267 3708 ccroncm
288 3666 343 3726 pro
366 3647 429 3708 cius
449 3647 553 3708 merito
573 3647 779 3727 legionemque
794 3648 969 3720 conlaudat3
993 3647 1145 3709 centurio-
1159 3656 1196 3719 n

130 3752 184 3793 nes
207 3732 382 3813 singillatim
397 3733 592 3814 tribunosque
607 3733 733 3795 militum
749 3734 893 3813 appellat,
916 3753 1043 3813 quorum
1059 3753 1144 3815 egre-

132 3819 209 3898 giam
231 3819 323 3881 fnisse
344 3820 487 3880 virtutem
509 3820 681 3881 testimonio
704 3820 857 3882 Ciceronis
879 3829 1069 3900 cognoverat
1097 3821 1144 3883 De
1160 3845 1188 3884 so

132 3924 203 3965 casu
219 3903 324 3967 Sabini
340 3915 370 3968 et
385 3906 493 3967 Cottae
509 3907 619 3967 certius
636 3926 672 3968 ex
687 3907 814 3987 captivis
830 3906 989 3986 cognoscit.
1017 3907 1143 3969 Postero

133 3990 181 4053 dia
206 3991 344 4054 contione
370 3993 559 4055 habitarem
582 4002 696 4073 gestam
720 3993 875 4074 proponit,
904 3991 1013 4055 milites
1035 4012 1144 4057 conso·
