2616 4492
393 289 463 337 ma.
478 291 501 338 1.
524 291 601 339 cnr.
615 275 753 339 44-47.
1042 274 1086 337 23

99 378 113 404 0

64 436 203 493 ratarum
235 435 268 490 et
300 446 503 509 quaecumque
529 430 611 493 bella
637 429 699 512 geri
726 428 820 492 vellet
846 429 911 492 sine
937 429 999 494 ullo
1021 428 1085 492 eius

63 516 169 578 labore
191 522 223 576 et
243 514 375 595 periculo
397 518 605 580 confecturum.

129 600 231 662 Multa
266 602 306 662 ab
339 599 470 663 Caesare
502 603 534 664 in
567 622 635 665 earn
667 599 852 664 sententiam
884 601 966 664 dicta
998 608 1128 676 sunt,4c

65 706 159 769 quare
191 687 311 767 negotio
339 688 486 750 desistere
514 708 575 750 non
601 697 721 769 posset:
756 706 853 768 neque
881 707 967 750 suam
989 706 1086 769 neque

64 773 172 855 populi
198 772 328 836 Romani
351 774 596 836 consuetudinem
617 774 698 855 pati,
726 774 772 835 uti
799 774 911 854 optime
936 783 1116 836 merentesa

66 860 164 922 socios
197 861 364 932 desereret,
398 879 505 941 neque·
522 881 554 922 se
581 861 712 922 iudicare
740 859 872 923 Galliam
894 860 997 940 potius
1020 879 1088 923 esse

66 946 216 1008 Ariovisti
238 965 330 1026 quam
351 946 454 1026 populi
476 946 617 1009 Romani.
650 947 736 1008 Bello
759 954 918 1027 superatos
940 965 1008 1009 esse
1023 947 1089 1008 Ar-

66 1051 176 1094 vernos
197 1042 231 1094 et
252 1032 390 1095 Rutenos
413 1032 451 1094 ab
475 1031 514 1104 Q„
533 1033 630 1094 Fabio
652 1032 804 1108 Maximo,
828 1033 935 1114 quibus
957 1033 1088 1115 populus

65 1118 224 1181 Romanus
251 1119 418 1198 ignovisset
444 1138 541 1200 neque
568 1119 599 1181 in
626 1119 811 1199 provinciam
839 1119 1006 1199 redegisset
1032 1138 1089 1182 ne-

69 1224 126 1285 que
149 1205 331 1285 stipendium
352 1205 555 1285 imposuisset
589 1203 679 1275 Quod
694 1207 720 1267 si
735 1206 976 1285 antiquissimum
991 1206 1090 1287 quod-
1103 1224 1133 1265 ro

68 1310 125 1372 que
158 1300 278 1371 tempus
306 1291 437 1370 spectari
465 1301 631 1371 oporteret,
665 1293 769 1373 populi
796 1290 928 1353 Romani
954 1292 1089 1354 iustissi-

68 1396 150 1439 mum
172 1396 239 1438 esse
261 1377 293 1438 in
316 1376 420 1439 Gallia
441 1378 614 1457 imperium;
637 1378 664 1440 si
685 1378 827 1440 iudicium
842 1388 967 1440 senatus
984 1379 1090 1440 obser·

67 1463 136 1524 vari
158 1471 327 1543 oporteret,
355 1463 481 1527 liberam
505 1466 612 1526 debere
636 1484 703 1526 esse
725 1463 875 1539 Galliam,
899 1483 990 1544 quam
1011 1464 1090 1526 bello

66 1549 180 1610 victam
202 1549 265 1611 suis
289 1549 406 1630 legibus
426 1550 473 1613 uti
493 1550 647 1612 voluisset.

133 1635 214 1697 Dum
243 1636 318 1696 haec
343 1634 376 1695 in
402 1634 559 1716 conloquio
582 1646 735 1716 geruntur,
769 1636 895 1698 Caesari
920 1632 1135 1697 nuntiatum&

68 1729 118 1782 est
150 1721 267 1800 equites
300 1718 450 1782 Ariovisti
481 1721 605 1801 propius
638 1721 786 1783 tumulum
820 1723 961 1783 accedere
994 1729 1025 1781 et
1052 1721 1092 1782 ad
1106 1741 1134 1781 ro

68 1815 192 1868 nostros
220 1807 410 1887 adequitare,
444 1805 561 1886 lapides
589 1808 709 1888 telaque
736 1809 768 1869 in
795 1814 915 1870 nostros
938 1806 1091 1868 coniicere.

69 1893 186 1954 Caesar
217 1892 359 1972 loquendi
386 1893 477 1953 linem
504 1893 578 1954 iacit
605 1913 697 1974 seque
720 1895 760 1956 ad
782 1913 854 1956 suos
876 1893 989 1973 recepit
1010 1893 1093 1956 suis·

70 1997 128 2060 qne
160 1978 335 2057 imperavit,
370 1998 408 2041 ne
435 1981 515 2060 quod
542 1979 663 2041 omnino
691 1980 786 2041 telum
806 1979 837 2041 in
859 1980 965 2041 hostes
987 1979 1092 2042 reiice-

68 2072 147 2126 rent
191 2064 272 2125 Nam
301 2064 359 2126 etsi
387 2065 452 2126 sine
479 2065 540 2127 ullo
563 2065 695 2145 periculo
718 2066 844 2147 legionis
867 2066 1003 2128 delectae
1024 2084 1092 2127 cum
1105 2087 1136 2126 ro

70 2151 208 2231 equitatu
230 2150 378 2230 proelium
400 2152 464 2213 fore
485 2152 624 2226 videbat,
647 2161 750 2215 tamen
770 2153 1015 2215 committendum
1031 2171 1092 2214 non
1141 2154 1144 2159 ⁴

69 2238 216 2318 putabat,
245 2244 280 2297 ut
300 2236 396 2317 pulsis
418 2237 556 2300 hostibus
580 2238 638 2300 dici
659 2248 764 2319 posset
786 2259 838 2301 eos
861 2240 900 2301 ab
922 2258 955 2300 se
976 2257 1031 2318 per
1052 2238 1092 2299 fi-

71 2325 140 2385 dem
167 2323 200 2384 in
228 2321 385 2404 conloquio
419 2324 645 2387 circumventos.
690 2325 897 2406 Posteaquam
923 2325 956 2386 in
982 2324 1092 2406 vulgus

70 2409 213 2477 militumv
233 2410 345 2471 elatum
374 2419 436 2483 est,
471 2430 532 2491 qua
560 2412 737 2490 arrogantia
762 2413 794 2473 in
816 2410 973 2492 conloquio
995 2410 1092 2472 Ario-

70 2496 169 2557 vistus
190 2515 265 2559 usuc
287 2496 368 2557 omni
391 2494 494 2558 Gallia
515 2497 662 2559 Romanis
684 2498 906 2573 interdixisset,
928 2498 1092 2576 impetum·
1106 2518 1135 2558 aa

71 2601 128 2663 que
160 2581 192 2643 in
225 2591 346 2643 nostros
375 2582 437 2644 eius
460 2583 576 2664 equites
598 2584 756 2656 fecissent,
791 2603 886 2664 eaque
912 2602 963 2646 res
986 2582 1092 2644 conlo-

71 2668 174 2749 quium
206 2676 240 2729 nt
274 2668 459 2741 diremisset,
494 2669 588 2730 multo
616 2671 713 2732 maior
735 2669 877 2732 alacritas
900 2669 1092 2750 studiumque

70 2754 226 2836 pugnandi
247 2754 344 2815 maius
368 2755 512 2817 exercitui
533 2756 674 2818 iniectum
698 2765 753 2818 est,

135 2841 234 2902 Biduo
267 2848 339 2920 post
369 2840 545 2903 Ariovistus
574 2844 613 2904 ad
641 2841 802 2903 Caesarem
830 2842 948 2922 legatos
981 2840 1136 2903 mittitzet

71 2926 162 2988 Velle
185 2946 218 2988 se
241 2926 278 2987 de
299 2926 336 2987 iis
359 2928 463 3000 rebus,
498 2947 576 3007 quae
603 2929 756 2990 intereos
779 2927 828 3009 agi
850 2937 974 3008 coeptae
996 2946 1094 3008 neque
1110 2942 1137 2982 ω

71 3013 226 3093 perfectae
249 3021 366 3085 essent,
390 3030 477 3092 agere
500 3031 567 3074 cum
589 3033 639 3074 eo:
662 3014 706 3075 uti
730 3023 783 3076 aut
804 3015 912 3076 iterum
935 3013 1093 3094 conloquio

72 3099 152 3161 diem
175 3098 371 3161 constitueret
392 3106 459 3173 aut,
489 3099 516 3160 si
541 3099 574 3160 id
596 3100 694 3160 minus
717 3101 824 3173 vellet,
858 3120 874 3161 e
902 3100 965 3160 suis
987 3098 1093 3179 legatis

73 3185 205 3267 aliquem
227 3186 267 3246 ad
290 3204 323 3246 se
344 3184 487 3246 mitteret
532 3184 739 3264 Conloquendi
761 3184 886 3248 Caesari
914 3204 1005 3246 cause
1026 3185 1095 3247 visa

73 3291 135 3333 non
159 3279 222 3345 est,
246 3280 277 3332 et
299 3291 334 3332 eo
356 3271 468 3352 magis,
492 3272 572 3351 quod
593 3272 690 3350 pridie
712 3272 776 3333 eius
799 3272 857 3333 diei
880 3270 1024 3333 Germani
1044 3289 1094 3332 re-

73 3357 165 3420 tineri
187 3377 247 3419 nou
269 3367 426 3436 poterant,
450 3357 522 3438 quin
543 3358 574 3418 in
598 3367 717 3419 nostros
740 3357 803 3419 tela
818 3358 1007 3419 coniicerent.
1029 3356 1093 3418 Le·
1110 3373 1138 3412 ³⁵

74 3453 179 3525 gatum
201 3463 218 3506 e
240 3444 302 3505 suis
325 3463 391 3505 sese
414 3463 522 3524 magno
546 3463 611 3506 cum
633 3443 765 3524 periculo
788 3446 828 3506 ad
851 3463 917 3506 eum
932 3444 1095 3523 missurum

75 3539 106 3592 et
126 3530 297 3593 hominibus
324 3529 395 3591 ieris
422 3530 606 3591 obiecturum
630 3531 831 3591 existimabat.
875 3528 1094 3593 Commodissi-

75 3637 159 3679 mum
185 3617 283 3678 visum
317 3626 364 3678 est
396 3615 508 3678 Gaium
530 3617 688 3679 Valerium
710 3617 886 3691 Procillum,
919 3612 955 3677 C.
976 3612 1095 3679 Valerii

75 3702 190 3766 Caburi
211 3703 321 3775 filium,
344 3722 462 3764 summa
481 3703 594 3765 virtute
610 3713 640 3765 et
653 3703 842 3765 humanitate
858 3700 1094 3778 adolescentem,

76 3790 161 3852 cuius
189 3798 277 3868 pater
299 3808 318 3850 a
340 3787 417 3851 Gaio
437 3789 562 3852 Valerio
584 3791 692 3853 Flacco
715 3790 837 3851 civitate
862 3791 991 3852 donatus
1013 3797 1094 3862 erat,
1111 3824 1138 3862 ,0

77 3885 108 3938 et
133 3885 259 3956 propter
285 3877 373 3936 fidem
402 3882 433 3936 et
459 3886 582 3956 propter
613 3877 732 3956 linguae
760 3875 895 3939 Gallicae
923 3874 1095 3948 scientiam,

78 3981 140 4043 qua
170 3961 268 4024 multa
299 3962 359 4022 iam
392 3961 570 4024 Ariovistus
597 3963 759 4044 longinqua
785 3961 999 4026 consuetudine
1026 3971 1096 4025 ute·
