2616 4492
212 261 255 326 98
536 273 585 321 un
608 274 725 321 nanno
748 272 906 323 onuurco

215 415 459 494 administrisque
492 415 531 475 ad
565 434 602 476 ea
629 413 775 475 sacrificia
797 414 951 475 druidibus
974 422 1110 487 utuntur,
1140 415 1236 494 quod,

214 522 268 584 pro
300 501 365 562 rita
392 501 520 562 hominis
547 500 607 561 nisi
634 500 699 561 vita
725 500 854 561 bominis
876 502 1028 575 reddatur,
1063 519 1124 561 nou
1145 520 1237 580 posse

215 591 338 651 deorum
371 586 585 648 immortalium
618 606 729 647 numen
760 587 875 666 placari
904 587 1100 660 arbitrantur,
1133 586 1236 666 publi-

216 695 306 755 ceque
340 674 473 735 eiusdem
507 673 625 754 generis
658 673 772 734 habeut
804 673 944 734 instituta
972 673 1128 734 sacrificia.
1172 674 1238 735 Alii

187 760 340 822 simmaui
373 760 576 839 magnitudine
604 758 764 820 simulacra
786 759 913 832 habent,
949 778 1072 840 quorum
1095 768 1239 821 contexta

216 846 378 908 viminibus
402 847 536 908 membra
557 846 636 907 vivis
658 845 830 906 hominibus
853 846 1017 925 complent,
1041 847 1148 926 quibus
1165 866 1238 907 suc-

217 932 315 995 censis
349 931 543 993 circumventi
576 933 699 993 flamma
727 932 937 993 exanimantur
962 932 1109 993 homines.
1154 931 1238 1012 Sup-

216 1018 307 1100 plicia
340 1036 458 1090 eorum,
492 1018 541 1099 qui
573 1019 605 1079 in
637 1020 718 1079 furto
746 1027 799 1079 aut
826 1019 857 1079 iu
880 1017 1037 1080 latrocinio
1060 1028 1113 1079 aut
1135 1019 1240 1098 aliqua

218 1123 299 1168 noxa
331 1104 393 1165 sint
425 1104 646 1184 comprehensi,
681 1105 814 1184 gratiora
842 1105 899 1166 diis
926 1104 1146 1166 immortalibus
1170 1124 1239 1166 esse

175 1216 204 1254 ro
218 1191 420 1265 arbitrantur3
444 1193 496 1252 sed
519 1211 585 1252 eum
612 1191 676 1250 eius
699 1191 815 1270 generis
838 1191 924 1271 copia
945 1191 1068 1266 deiecit,
1093 1191 1184 1252 etiam
1199 1193 1240 1254 ad

218 1277 419 1354 innocentium
443 1277 591 1357 supplicia
612 1278 805 1338 descendunt.

178 1369 211 1420 17
282 1365 382 1424 Deum
404 1365 533 1424 maxime
554 1363 735 1424 Mercurium
759 1364 867 1424 colunt
904 1363 1002 1424 Huius
1026 1371 1097 1424 sunt
1110 1362 1241 1443 plurima

220 1450 388 1512 simulacra.
410 1469 412 1473 ’
433 1451 523 1511 Huuc
545 1450 676 1511 omnium
691 1450 879 1510 inventorem
896 1450 1005 1510 artium
1020 1451 1136 1522 ierunt,
1159 1450 1242 1511 hunc

218 1537 336 1598 riarum
359 1545 449 1615 atque
470 1536 610 1596 itinerum
633 1538 750 1611 ducem,
774 1537 852 1597 huuc
873 1538 912 1597 ad
936 1545 1080 1615 quaestus
1095 1536 1242 1616 pecuniae
1276 1562 1278 1567 ·

181 1643 205 1680 rs
220 1632 462 1701 mercaturasque
495 1622 606 1683 habere
638 1623 698 1682 vim
734 1623 895 1683 maximam
923 1622 1117 1683 arbitrantur.
1162 1622 1242 1683 Post

219 1710 298 1770 huno
323 1708 496 1788 Apollinem
525 1718 556 1768 et
581 1709 710 1769 Martem
739 1718 769 1770 et
789 1710 891 1769 Iovem
915 1718 946 1770 et
967 1709 1147 1773 Minervam.
1192 1706 1241 1769 Da

218 1795 267 1856 bis
291 1797 416 1856 eandem
437 1797 499 1856 fere
522 1815 611 1875 quam
634 1794 767 1876 reliquae
790 1804 892 1875 gentes
915 1795 1030 1856 habeut
1051 1795 1239 1874 opinionem:

219 1881 393 1960 Apollinem
415 1882 535 1942 morbos
559 1881 715 1960 depellere,
739 1882 910 1943 Minervam
933 1899 1056 1961 operam
1079 1889 1170 1960 atque
1187 1900 1242 1942 ar-

220 1967 376 2029 tificiorum
402 1967 489 2028 initia
515 1969 651 2040 tradere,
684 1968 787 2029 Iovem
814 1969 971 2048 imperium
986 1966 1169 2028 caelestium
1192 1975 1243 2028 te-

179 2073 207 2110 ro
221 2073 307 2126 uere,
329 2053 460 2113 Martem
482 2054 564 2113 bella
586 2073 697 2133 regere.
741 2055 833 2127 Huic,
868 2075 934 2115 oum
961 2053 1073 2134 proelio
1098 2053 1242 2116 dimicare

222 2139 456 2212 constituerunt,
486 2158 536 2210 ea,
566 2158 642 2218 quae
662 2140 740 2202 bello
764 2140 912 2220 ceperint,
946 2140 1120 2220 plerumque
1144 2141 1242 2201 devo-

220 2235 307 2286 vent:
341 2245 406 2286 cum
435 2234 666 2304 superaverunt,
701 2226 845 2287 animalia
871 2237 961 2307 capta
986 2225 1146 2287 immolant
1166 2226 1243 2287 reli·

222 2331 355 2391 quasque
382 2331 430 2371 res
451 2311 483 2372 iu
505 2331 597 2371 uuum
619 2311 716 2372 locum
739 2314 904 2375 conferunt.
948 2312 1054 2374 Multis
1076 2313 1109 2374 iu
1131 2311 1243 2373 eivita-

222 2397 302 2459 tibus
335 2397 442 2457 harum
475 2416 573 2458 rerum
601 2407 769 2459 exstructos
797 2399 926 2460 tumulos
955 2400 1027 2461 locis
1056 2399 1242 2461 consecratis

180 2503 208 2542 aa
222 2483 387 2583 cpuspicari
419 2482 502 2557 licet,
537 2502 633 2564 neque
661 2504 752 2565 saepe
781 2485 903 2560 accidit,
937 2496 979 2548 ut⁴
996 2486 1133 2566 neglecta
1155 2485 1242 2566 quis-

221 2570 303 2649 piam
335 2568 477 2649 religione
510 2578 564 2630 aut
596 2579 688 2649 capta
720 2573 800 2651 apud
828 2592 861 2633 se
889 2571 1036 2634 occultare
1064 2580 1118 2633 ant
1139 2571 1243 2651 posita

221 2655 327 2716 tollere
361 2658 500 2728 auderet,
535 2656 804 2739 gravissimumque
838 2659 865 2720 ei
898 2660 941 2720 rei
969 2658 1145 2740 supplicium
1174 2677 1242 2720 oum

221 2741 352 2802 cruciatu
375 2742 568 2803 coustitutum
591 2752 646 2804 est.

179 2845 212 2894 18
287 2827 370 2889 Galli
402 2848 435 2889 se
468 2847 571 2889 omues
599 2830 639 2890 ab
664 2829 737 2891 Dite
764 2839 850 2909 patre
877 2839 1041 2910 prognatos
1068 2829 1246 2910 praedicant

180 2942 207 2979 so
220 2914 309 2994 idque
341 2916 380 2975 ab
414 2915 568 2976 druidibus
600 2917 751 2995 proditum
785 2918 895 2978 dicunt.
946 2916 994 2978 Ob
1023 2936 1090 2977 eam
1117 2936 1243 2979 causam

222 3001 322 3080 spatia
348 3002 444 3062 omnis
471 3001 615 3080 temporis
638 3022 698 3064 uon
721 3023 844 3065 numero
867 3003 996 3076 dierum,
1031 3005 1085 3065 sed
1107 3003 1243 3064 noctium

220 3087 343 3160 liniunt3
378 3089 441 3149 dies
474 3086 593 3148 natales
627 3098 657 3149 et
689 3108 823 3150 mensum
853 3099 884 3151 et
910 3108 1055 3150 annorum
1082 3089 1172 3151 initia
1198 3089 1243 3151 sic

221 3175 399 3248 observant,
434 3183 468 3234 ut
495 3183 613 3235 noctem
641 3175 704 3236 dies
733 3179 943 3256 subsequatur.
987 3175 1024 3235 In
1046 3175 1168 3255 reliquis
1190 3175 1242 3236 vi-

219 3267 270 3320 tae
303 3260 450 3321 institutis
483 3261 540 3322 hoe
566 3262 627 3322 fere
656 3262 694 3322 ab
721 3261 843 3342 reliquis
871 3262 1027 3334 differunt,
1061 3263 1142 3342 quod
1169 3281 1243 3324 suos

176 3345 346 3419 oolibama,
380 3347 439 3407 uisi
469 3366 533 3407 oum
564 3347 774 3422 adoleverunt,
808 3356 843 3408 ut
868 3366 976 3408 munus
1000 3347 1125 3409 militiae
1147 3349 1244 3410 susti-

220 3450 291 3493 nere
313 3432 448 3511 possint,
476 3433 578 3512 palam
602 3436 640 3494 ad
663 3455 696 3496 se
719 3434 803 3496 adire
825 3452 885 3494 nou
907 3433 1064 3513 patiuntur
1085 3432 1240 3514 filiumque

217 3517 326 3597 puerili
359 3527 461 3579 aetate
493 3518 525 3579 iu
557 3520 674 3598 publico
706 3521 738 3581 in
771 3530 930 3600 conspectu
962 3520 1058 3600 patris
1088 3520 1238 3583 adsistere

218 3610 305 3684 turpe
328 3605 446 3665 ducunt.

176 3693 209 3744 19
282 3690 366 3765 Viri,
397 3701 525 3772 quantas
547 3689 689 3773 pecunias
712 3691 751 3751 ab
772 3691 916 3754 uxoribus
939 3694 1018 3756 dotis
1041 3693 1162 3755 uomina
1185 3713 1239 3755 ae-

175 3785 374 3854 receperunt,
408 3787 510 3841 tantas
545 3799 582 3840 ex
615 3776 677 3838 suis
709 3776 797 3837 bouis
824 3780 1033 3842 aestimatione
1059 3781 1141 3843 lacta
1168 3799 1238 3842 oum

218 3861 336 3923 dotibus
369 3865 595 3927 communicant.
644 3861 742 3924 Huius
772 3864 868 3926 omnis
890 3867 1033 3945 pecuniae
1054 3866 1239 3929 coniunctim

218 3946 295 4008 ratio
322 3949 449 4011 habetur
474 3953 644 4031 fructusque
668 3957 842 4012 servantur:
876 3962 943 4014 uter
965 3972 1067 4015 eorum
1090 3953 1157 4015 vita
1180 3973 1237 4015 su-
