2616 4492
222 208 230 243 l

408 285 478 332 ura.
494 286 528 333 v.
552 285 629 334 can.
647 269 782 334 11-16.
861 227 864 230 Ι
1071 270 1112 335 73

148 424 199 486 Ex
225 423 262 485 iis
291 423 430 507 omnibus
459 424 548 504 louge
570 432 642 484 suut
664 424 874 486 humanissimi
897 425 948 505 qui
970 425 1112 489 Cantium
1122 444 1156 493 14

84 510 234 582 incolunt,
262 529 341 588 quae
368 509 449 589 regio
472 520 520 570 est
542 510 695 572 maritima
717 511 830 584 omnis,
865 530 961 590 neque
985 513 1113 576 multum

85 617 104 658 a
125 595 246 659 Gallica
269 595 412 656 differunt
434 596 659 657 consuetudine.
703 597 867 658 Interiores
890 597 1025 678 plerique
1047 601 1141 671 lru·,

84 692 188 744 menta
210 700 271 743 non
300 690 421 755 serunt,
452 682 506 743 sed
528 681 607 742 lacte
630 691 661 742 et
682 702 772 744 carne
795 683 902 743 vivunt
923 684 1113 765 pellibusque

84 776 157 830 sunt
177 766 290 829 vestiti.
336 765 451 828 Omnes
473 786 545 828 vero
568 787 601 829 se
615 768 757 830 Britanni
770 769 849 829 vitro
865 768 1009 844 inficiunt,
1034 773 1141 851 quod³

84 854 255 915 caeruleum
289 853 380 914 elficit
407 852 553 926 colorem,
587 862 678 933 atque
700 854 758 915 hoc
779 853 963 916 horridiores
987 857 1113 919 suntin

83 954 186 1020 pugna
208 947 349 1018 aspectu3
372 939 542 1019 capilloque
564 947 636 1000 sunt
657 941 807 1019 promisso
823 951 913 1018 atque
929 943 1010 1003 omni
1025 951 1114 1022 parte

84 1025 218 1105 corporis
246 1044 319 1085 rasa
344 1033 468 1104 praeter
489 1034 581 1104 caput
603 1033 634 1086 et
656 1026 775 1087 labrum
799 1026 947 1106 superius.
992 1029 1112 1090 Uxores

83 1112 200 1173 habent
226 1110 296 1172 deni
325 1110 514 1190 duodenique
541 1111 622 1172 inter
644 1132 677 1173 se
700 1131 888 1183 communeS,
923 1123 954 1175 et
982 1116 1113 1177 maxime

83 1199 194 1259 iratres
217 1215 283 1258 cum
307 1197 451 1257 fratribus
474 1206 675 1278 parentesque
699 1217 767 1259 cum
790 1197 907 1271 liberis;
937 1201 991 1261 sed
1013 1201 1040 1262 si
1062 1201 1113 1282 qui
1132 1230 1157 1268 ιο

84 1291 156 1345 sunt
190 1301 228 1344 ex
258 1282 297 1343 iis
331 1282 412 1355 nati,
448 1302 548 1344 eorum
576 1283 729 1346 hahentur
756 1283 860 1356 liberi,
895 1303 954 1362 quo
982 1287 1113 1367 primum

84 1369 168 1449 virgo
192 1387 328 1448 quaeque
351 1369 481 1430 deducta
503 1377 559 1429 est

148 1455 277 1534 Equites
299 1453 434 1515 hostium
456 1453 660 1534 essedariique
682 1454 792 1516 acriter
811 1453 925 1532 proelio
942 1471 1009 1514 cum
1025 1453 1155 1532 equi-15

83 1549 151 1603 tatu
174 1548 278 1602 nostro
301 1539 334 1600 in
354 1539 461 1601 itinere
483 1540 695 1613 conflixerunt,
720 1548 822 1601 tamen
845 1548 879 1600 ut
901 1538 998 1599 nostri
1013 1539 1113 1600 omni-

83 1628 142 1688 bus
165 1625 303 1706 partibus
327 1625 496 1704 superiores
517 1625 629 1686 luerint
650 1634 741 1704 atque
765 1644 869 1687 omnes
891 1625 922 1685 in
939 1624 1032 1684 silvas
1048 1626 1113 1687 col·
1132 1656 1157 1695 ιι

83 1712 189 1792 lesque
222 1710 436 1790 compulerint;
471 1711 526 1772 sed
553 1710 756 1790 compluribus
784 1710 949 1770 interiectis
977 1710 1112 1789 cupidius

83 1797 213 1859 insecuti
246 1797 407 1858 nonnullos
436 1816 474 1857 ex
501 1797 564 1858 suis
587 1797 762 1858 amiserunt.
806 1795 853 1857 At
874 1795 918 1856 illi
940 1795 1113 1858 intermisso

85 1883 185 1964 spatio
207 1882 449 1963 imprudentibus
472 1882 586 1943 nostris
610 1891 701 1961 atque
724 1881 876 1961 occupatis
899 1880 931 1941 in
947 1881 1113 1944 munitione

85 1978 253 2031 castrorum
282 1969 383 2030 subito
411 1987 445 2029 se
468 1987 506 2029 ex
528 1968 614 2029 silvis
637 1968 789 2029 eiecerunt
809 1967 983 2046 impetuque
1005 1967 1037 2029 in
1060 1988 1112 2030 eos

84 2057 180 2128 lacto,
209 2053 261 2134 qui
283 2064 371 2115 erant
393 2053 424 2115 in
447 2054 579 2116 statione
606 2072 659 2134 pro
682 2053 789 2115 castris
812 2052 975 2124 conlocati,
1005 2055 1113 2119 acriter
1128 2085 1157 2123 ω

85 2149 313 2222 pugnaverunt,
338 2141 514 2220 duabusque
537 2140 638 2202 missis
654 2139 790 2202 subsidio
805 2138 979 2200 cohortibus
996 2159 1015 2200 a
1030 2140 1112 2202 Cae-

86 2246 156 2289 sare
177 2236 268 2307 atque
289 2225 327 2287 iis
349 2226 455 2307 primis
477 2227 628 2306 legionum
651 2227 795 2298 duarum,
820 2244 887 2285 cum
909 2224 968 2285 hae
990 2227 1113 2304 perexi-

85 2332 142 2393 guo
165 2312 339 2375 intermisso
362 2312 419 2374 loci
442 2313 542 2392 spatio
561 2312 644 2374 inter
666 2331 699 2373 se
715 2311 938 2384 constitissent,
962 2331 1042 2374 novo
1059 2333 1113 2392 ge-

84 2418 155 2461 nere
188 2417 307 2478 pugnae
339 2399 509 2479 perterritis
543 2399 655 2460 nostris
687 2417 742 2477 per
774 2397 889 2457 medios
912 2398 1113 2461 audacissime

84 2493 285 2564 perruperunt
306 2504 398 2564 seque
420 2484 489 2546 inde
511 2484 676 2545 incolumes
700 2491 886 2562 receperunt.
930 2482 977 2543 Eo
1002 2485 1049 2545 die
1073 2483 1111 2555 Q„
1128 2503 1156 2540 ιι

83 2571 232 2633 Laberius
260 2570 363 2631 Durus
392 2569 530 2631 tribunus
558 2570 686 2631 militum
716 2569 900 2630 interficitur.
945 2568 994 2630 Illi
1016 2571 1113 2650 pluri-

84 2657 142 2718 bus
165 2655 325 2717 submissis
349 2655 520 2716 cohortibus
543 2656 735 2736 repelluntur.

150 2742 229 2803 Toto
258 2741 316 2801 hoc
342 2740 374 2801 in
397 2760 506 2820 genere
527 2761 662 2822 pugnae,
690 2760 758 2802 cum
781 2739 837 2800 sub
861 2738 955 2800 oculis
979 2741 1112 2803 omnium
1122 2754 1155 2806 16

85 2845 122 2886 ac
143 2845 198 2904 pro
222 2825 331 2886 castris
354 2825 555 2901 dimicaretur,
579 2827 766 2889 intellectum
788 2834 837 2886 est
852 2833 972 2886 nostros
988 2837 1113 2906 propter

87 2910 270 2990 gravitatem
304 2929 471 2985 armorum,
506 2914 584 2990 quod
613 2931 711 2991 neque
732 2909 851 2990 insequi
873 2911 1013 2972 cedentes
1035 2932 1112 2991 pos·
1129 2939 1157 2976 so

86 3004 157 3057 sent
188 3014 283 3074 neque
315 2996 355 3056 ab
389 2995 483 3074 signis
515 2997 667 3058 discedere
700 2999 862 3069 auderent,
896 2996 996 3058 minus
1024 3007 1113 3077 aptos

86 3101 154 3143 esse
177 3082 218 3142 ad
239 3079 328 3141 huius
352 3079 468 3160 generis
489 3080 624 3155 hostem,
649 3082 765 3160 equites
788 3090 889 3142 autem
912 3100 1022 3161 magno
1045 3101 1113 3144 cum

85 3166 216 3247 periculo
244 3165 357 3245 proelio
386 3165 543 3240 dimicare,
571 3175 733 3246 propterea
755 3168 836 3246 quod
857 3164 901 3226 illi
924 3167 1016 3229 etiam
1039 3187 1114 3229 con-

86 3253 165 3314 sulto
193 3252 370 3332 plerumque
399 3252 539 3313 cederent
562 3261 607 3326 et,
642 3271 709 3313 cnm
735 3251 861 3330 paulum
884 3252 924 3312 ab
946 3251 1113 3332 legionibus

85 3347 206 3401 nostros
229 3336 444 3410 removissent,
469 3356 507 3398 ex
529 3337 645 3399 essedis
668 3337 824 3400 desilirent
846 3344 877 3397 et
898 3337 1025 3415 pedihus
1046 3339 1112 3400 dis·
1129 3365 1159 3404 ss

84 3425 152 3504 pari
180 3423 293 3505 proelio
320 3425 545 3485 contenderent.
588 3424 749 3503 Equestris
776 3431 877 3483 autem
906 3423 1011 3500 proelii
1034 3424 1112 3487 ratio

85 3520 116 3571 et
142 3509 317 3572 cedentibus
345 3518 377 3570 et
403 3509 629 3588 insequentibus
656 3528 711 3589 par
732 3516 823 3587 atque
845 3508 925 3568 idem
948 3509 1113 3588 periculum

85 3596 241 3658 inferebat.
286 3594 462 3657 Accedebat
484 3597 555 3670 huc,
579 3604 614 3657 ut
636 3613 799 3674 numquam
816 3595 957 3668 conferti,
982 3597 1035 3657 sed
1050 3597 1113 3659 rari

85 3683 262 3763 magnisque
284 3681 455 3743 intervallis
477 3681 699 3762 proeliarentur
722 3680 929 3759 stationesque
946 3681 1112 3761 dispositas

85 3767 234 3831 haberent
256 3777 348 3848 atque
371 3768 447 3829 alios
470 3768 521 3829 alii
544 3768 683 3847 deinceps
706 3766 879 3846 exciperent
901 3765 1069 3849 integrique
1080 3777 1112 3831 et
1128 3797 1157 3835 so

86 3863 222 3916 recentes
246 3853 417 3934 defetigatis
440 3855 643 3917 succederent
