2616 4492
134 275 175 337 10
496 289 611 338 creor
632 289 782 340 euruuu,

132 450 187 512 pro
204 429 314 491 oeriue
333 449 428 510 usque
447 430 513 504 PR,
540 431 611 505 153,
630 431 671 494 39
686 432 843 495 diuideret
857 428 926 512 (ubi
942 431 974 491 in
992 428 1154 492 diuidiui-

133 519 219 581 deret
238 517 360 578 litterae
382 516 453 578 iuid
475 520 657 596 repetendae
679 519 815 599 fuerunt)
832 519 899 593 PR,
925 518 996 590 140,
1014 516 1054 577 37
1078 516 1155 578 red-

134 605 260 668 diderat
278 624 356 685 quae
373 602 443 683 (pro
458 605 641 668 reddiderat
654 607 761 690 atque)
783 606 881 679 PRA,
907 604 978 678 111,
996 602 1036 664 19
1059 603 1158 684 quieti

133 711 188 772 pro
211 692 264 771 qui
286 691 382 770 quieti
403 691 439 765 P,
467 693 538 766 122,
554 694 594 753 42
608 713 701 773 eoque
714 693 780 766 PR,
805 711 867 773 eaq.
883 691 949 752 AM
972 688 1043 773 (pro
1058 709 1156 771 eaque

133 780 239 862 quae),
265 776 336 850 120,
362 779 397 839 11
428 798 529 859 ouoeq.
556 779 646 841 PRA
677 800 731 860 pro
759 799 835 841 euos
857 797 984 860 quoque,
1016 775 1089 850 149,
1116 777 1154 838 11

134 866 202 946 ipre
219 863 276 925 PR
294 883 348 943 pro
367 865 434 944 ipre
456 884 498 936 ee,
524 865 594 940 118,
611 869 650 928 4l
677 866 870 947 concinuerit
887 863 975 926 PRA
997 883 1052 943 pro
1077 884 1156 924 cori-

136 952 270 1033 tiuquret
281 958 317 1023 et,
343 951 392 1024 15,
404 953 425 1012 4
437 948 520 1033 gralli
535 973 606 1014 eum
617 953 746 1032 AMpro
759 950 912 1034 quilicum
927 971 1007 1021 etum,
1024 950 1098 1023 157,
1118 951 1157 1011 14

136 1046 213 1100 eceet
234 1056 289 1116 pro
312 1044 389 1098 eeeet
410 1044 438 1098 et
460 1038 499 1110 U,
526 1039 634 1112 15,12
656 1039 724 1101 miei
746 1058 800 1118 pro
823 1038 889 1099 miei
910 1037 940 1098 ri
955 1036 1056 1109 RTU,
1082 1036 1156 1111 162,

136 1125 177 1185 30
200 1124 339 1205 deposcit
361 1121 431 1203 (pro
456 1125 651 1207 depoposcit)
677 1126 746 1200 TU,
773 1124 843 1198 155,
863 1121 882 1185 7
904 1123 1035 1185 iueidiie
1050 1143 1105 1202 pro
1121 1124 1159 1185 iu

134 1211 266 1273 iuridiie
290 1209 328 1282 U,
358 1210 410 1284 90,
436 1211 455 1271 3
477 1212 706 1274 munitissimis
729 1230 783 1292 pro
805 1231 907 1273 mouu
927 1210 1158 1271 munitissimis

136 1298 177 1371 U,
203 1295 274 1368 139,
302 1296 341 1359 16
365 1306 396 1358 et
421 1297 491 1372 158,
515 1297 556 1360 29
579 1319 612 1361 eo
635 1306 772 1380 tempore
796 1295 866 1380 (pro
882 1297 987 1359 eodem
1002 1296 1157 1378 tempore)

136 1384 203 1459 PR,
229 1383 301 1458 168,
325 1384 344 1443 3
369 1386 563 1446 oriebantur
583 1386 683 1459 PAV,
710 1387 760 1458 12,
783 1385 825 1446 40
848 1383 1044 1446 riedirierum
1059 1382 1159 1456 PRU,

136 1472 331 1535 deditiorum
364 1471 402 1543 Τ,
426 1469 476 1541 39,
505 1471 544 1532 19
575 1472 703 1534 deditiie
724 1472 769 1549 R,
800 1469 872 1544 138,
895 1472 937 1531 24
971 1490 1079 1532 omnes
1107 1470 1162 1550 qui

139 1557 210 1639 (pro
234 1576 398 1638 omnesque
413 1557 482 1638 qui)
509 1557 577 1631 TU,
603 1558 710 1632 145,8
733 1578 795 1640 quo
817 1555 888 1639 (pro
904 1559 1037 1637 quaque)
1059 1556 1159 1630 PRA,

138 1644 190 1717 29,
215 1645 254 1705 35
280 1643 499 1724 oppidieeeeeit
520 1643 566 1715 A,
598 1644 650 1718 51,
677 1644 715 1706 19
746 1644 831 1706 dedit
851 1643 882 1706 A
912 1640 983 1724 (pro
1011 1642 1160 1726 dedidit),

140 1732 192 1804 32,
217 1729 236 1793 9
259 1731 420 1807 deditione
448 1730 518 1809 (pro
541 1730 578 1792 de
600 1730 771 1812 deditione)
795 1731 832 1803 P,
861 1730 913 1805 40,
940 1729 974 1790 11
1008 1728 1162 1792 ditionem

141 1817 211 1900 (pro
242 1816 445 1895 deditionem)
470 1817 539 1888 TU,
571 1815 623 1890 47,
652 1816 671 1879 9
700 1817 849 1878 dedirunt
877 1817 913 1889 P,
949 1814 1000 1888 38,
1026 1816 1045 1876 5
1069 1815 1161 1877 dede·

140 1911 219 1966 ruut
242 1902 299 1963 TU
326 1900 395 1981 (pro
412 1902 627 1985 dediderunt),
652 1903 704 1977 43,
730 1901 770 1964 36
794 1903 930 1983 compari
953 1903 1022 1980 (pro
1039 1921 1161 1984 coupa-

140 1991 229 2073 reri)
247 1989 286 2062 R,
312 1988 326 2049 1
352 1988 382 2061 9,
402 1990 437 2049 11
453 1996 581 2070 yeretur
604 1988 674 2072 (pro
687 1993 865 2072 yereretur)
884 1990 924 2063 A,
949 1987 1021 2062 164,
1041 1988 1081 2049 33
1106 2008 1161 2049 ue·

141 2084 231 2140 retur
255 2076 306 2154 (pr
347 2074 523 2156 uereretur)
550 2076 587 2149 Τ,
614 2077 685 2150 135,
710 2075 750 2136 38
773 2076 892 2137 rediere
913 2073 984 2156 (pro
1000 2075 1162 2147 recedisse,

143 2164 222 2244 quod
244 2161 397 2223 reredioee
420 2161 479 2240 legi
500 2165 636 2242 potuisse
660 2163 735 2223 alibi
758 2161 942 2246 docebitur),
967 2161 1018 2236 77,
1035 2160 1076 2223 36
1092 2180 1163 2222 coe·

143 2270 216 2313 rare
247 2248 340 2309 mirri
374 2246 444 2328 (pro
462 2268 588 2311 caesare
608 2249 750 2332 remioei)
776 2249 913 2323 RATU,
940 2246 1069 2322 153,19
1091 2254 1162 2310 tur-

139 2337 226 2419 piter
249 2335 409 2416 fugierunt
440 2330 509 2412 (pro
544 2337 681 2417 turpiter
712 2335 828 2417 resur.)
858 2335 896 2396 R.
942 2334 976 2397 Si
1000 2335 1164 2396 omissione

143 2425 227 2484 fucta¹
249 2421 397 2481 destituta
426 2430 493 2480 erat
519 2421 635 2494 littera,
664 2421 739 2483 haec
767 2421 912 2501 deperiit:
944 2421 1016 2497 147,
1042 2421 1081 2484 19
1104 2420 1163 2483 iro-

146 2511 214 2571 5ere
238 2505 307 2587 (pro
331 2506 442 2567 habere
468 2508 549 2589 rem)
576 2509 676 2582 PRA,
707 2506 779 2582 139,
803 2507 843 2571 29
864 2506 1068 2590 appellebant
1088 2527 1165 2589 quor

147 2596 217 2675 (pro
241 2590 453 2675 appellabunt.
475 2601 548 2656 oute
569 2593 662 2678 quoe)
687 2594 785 2671 PRA,
808 2593 861 2669 48,
886 2595 926 2658 39
949 2593 1016 2658 loeo
1039 2612 1165 2658 mouere

148 2680 219 2762 (pro
242 2677 308 2742 ioco
332 2679 540 2764 commouere)
565 2681 604 2743 U.
650 2681 703 2744 Sic
725 2683 818 2744 etiem
840 2680 893 2756 85,
906 2683 947 2744 24
968 2683 1012 2745 eit
1032 2683 1094 2745 iter
1116 2680 1164 2742 el-

147 2779 212 2832 tero
235 2767 262 2829 it
284 2767 396 2828 omisso
419 2766 525 2828 littere
546 2788 563 2830 e
585 2768 688 2830 deleta
713 2771 744 2829 in
766 2769 827 2830 iter
854 2770 968 2830 abiisse
997 2779 1083 2832 ratus
1108 2787 1165 2830 en-

146 2855 387 2936 tiquissimerum
409 2854 574 2916 editionum
597 2855 693 2917 verba
715 2855 865 2916 revocavi.

214 2938 300 3010 Quae
330 2941 391 3001 iem
420 2940 518 3002 allata
545 2951 616 3003 suut
644 2941 820 3020 respicienti
846 2942 970 3021 pienum
993 2941 1028 3001 fit
1050 2938 1102 3015 62,
1126 2938 1165 3000 36

145 3029 379 3111 perturbaretur
400 3027 545 3088 facillime
568 3028 715 3107 scriptum
737 3045 804 3088 esse
819 3046 873 3107 pro
884 3027 1167 3109 perturbabantur,

151 3114 204 3189 85,
222 3113 262 3175 38
284 3111 421 3175 eimilem
442 3132 497 3193 pro
519 3113 550 3175 ei
572 3113 719 3190 timitem,
744 3114 817 3188 168,
838 3114 857 3177 6
876 3114 1092 3196 percurrireet
1115 3131 1168 3192 pro

149 3200 409 3285 percucur’rireet,
436 3198 507 3276 164,
531 3200 572 3263 26
596 3200 713 3281 adpro
736 3209 771 3265 at
791 3200 835 3264 ad
857 3200 938 3283 (sive
960 3199 1004 3262 ad
1021 3199 1075 3273 od;
1099 3217 1170 3259 nem

152 3297 165 3352 t
185 3289 216 3349 in
238 3287 260 3348 d
282 3287 415 3369 abibat),
447 3287 499 3361 33,
529 3287 548 3349 7
576 3297 607 3349 et
630 3286 680 3363 39,
707 3288 748 3350 17
775 3289 931 3350 dediereut
951 3305 1006 3366 pro
1028 3285 1170 3348 dedidic-

147 3382 236 3448 erut,
267 3373 338 3446 109,
362 3373 381 3436 6
405 3377 495 3436 caede
516 3393 571 3454 pro
594 3376 684 3437 caede
705 3375 752 3450 de,
778 3374 849 3450 136,
873 3375 915 3436 42
937 3393 1005 3436 urta
1026 3391 1083 3453 pro
1106 3392 1173 3433 uuo

153 3483 185 3534 a,
207 3461 260 3534 91,
284 3461 325 3522 14
347 3466 484 3541 tempore
504 3461 625 3524 eorciri
647 3462 738 3543 (TU)
760 3481 815 3541 pro
838 3468 975 3544 tempore
1003 3457 1172 3531 resarciri,

154 3549 208 3622 85,
230 3549 272 3610 40
306 3547 430 3610 caetori
460 3546 559 3609 mittit
585 3547 647 3632 (V)
677 3567 732 3628 pro
764 3549 888 3611 caesuri
910 3546 1052 3622 remittit,
1079 3542 1129 3620 19,
1155 3545 1171 3606 1

157 3633 281 3700 cauare
312 3633 507 3695 nuntiarant
537 3652 592 3714 pro
627 3633 750 3698 caecari
779 3634 1018 3705 renuntiarant,
1056 3632 1109 3705 64,
1133 3631 1174 3693 35

154 3721 280 3786 coeteri
301 3720 535 3782 nuntiaueruut
554 3739 609 3800 pro
633 3721 756 3783 caecari
777 3721 1055 3783 renuntiaueruut.

222 3807 304 3878 Quia
331 3809 362 3869 iu
391 3807 478 3870 libris
506 3826 596 3868 manu
626 3807 749 3887 scriptis
771 3807 852 3869 inter
873 3829 906 3870 m
927 3809 1063 3870 litteram
1087 3813 1119 3865 et
1139 3803 1176 3865 iu

158 3890 230 4045 ii?
239 3912 346 4043 ,¹:¹11
349 3890 1177 4046 tittstreitruit¹1⁰1⁰utt¹t⁰ttttt
