2616 4492
208 272 251 341 94
534 288 584 337 na
605 288 724 338 nanno
747 289 903 339 caturco

205 431 314 493 bitant.
359 426 446 499 Quae
473 429 538 490 iore
566 429 737 510 suspicatus
758 429 929 503 Labienus,
961 437 996 491 ut
1028 447 1133 491 omnes
1155 428 1232 490 citra

205 517 318 579 flumen
350 513 485 587 eliceret,
521 516 626 576 eadem
653 536 726 577 usus
755 515 947 578 simulatione
974 514 1093 577 itineris
1115 515 1232 594 placide

205 602 462 684 progrediebatur.
498 601 575 662 Tum
598 603 773 681 praemissis
795 602 919 682 paulum
940 602 1164 682 impedimentis
1180 610 1232 663 at·

206 689 317 770 quein
340 687 455 749 tumulo
479 690 609 768 quodam
632 688 809 761 conlocatis,
838 689 984 761 Habetis,
1006 688 1119 768 inquit,
1148 687 1231 749 mili-

176 784 268 849 stes,
303 793 395 854 quam
428 775 565 852 petistis,
598 774 788 836 facultatem:
823 775 941 836 hostem
968 774 1122 853 impedito
1140 783 1232 853 atque
1293 833 1296 838 .

206 862 309 941 iniquo
339 860 386 921 loc
481 861 552 922 etis:
582 870 737 940 praestate
760 862 885 922 eandem
908 861 997 922 nobis
1020 861 1144 922 ducibus
1166 859 1232 921 vir-

207 957 320 1019 tutem,
349 868 682 1026 qu'laepenumero
705 947 879 1026 imperatori
900 947 1112 1028 praestitistis,
1140 954 1232 1026 atque

207 1033 291 1095 illum
325 1033 432 1092 adesse
461 1043 492 1092 et
519 1032 595 1093 haec
628 1052 727 1094 coram
757 1053 877 1094 cernere
910 1033 1090 1095 existimate.
1137 1030 1233 1094 Simul

209 1121 296 1199 signa
324 1119 364 1179 ad
385 1119 503 1179 hostem
526 1137 601 1180 conv
652 1119 658 1132 '
689 1119 840 1199 aciemque
863 1119 950 1200 dirigi
970 1119 1056 1181 iubet
1077 1127 1108 1180 et
1128 1117 1232 1197 paucis

170 1205 314 1268 uternis
337 1205 489 1285 praesidio
512 1205 551 1265 ad
574 1127 792 1352 iymenta
813 1205 946 1267 dimissis
969 1205 1099 1286 reliquos
1116 1203 1232 1285 equites

209 1294 250 1354 ad
275 1293 375 1353 latera
402 1291 545 1370 disponit.
618 1291 736 1353 eeriter
759 1293 856 1353 nostri
878 1291 1006 1353 clamore
1029 1291 1149 1353 sublato
1170 1289 1236 1371 pila

208 1379 241 1440 in
263 1379 367 1439 hostes
394 1377 570 1438 immittunt.
619 1377 684 1452 Illi,
713 1377 765 1438 ubi
787 1387 907 1457 praeter
929 1397 1012 1459 spem
1034 1396 1110 1457 qnos
1133 1378 1235 1456 ingere

209 1465 371 1527 credebant
392 1463 509 1525 infestis
530 1463 624 1544 signis
645 1465 684 1525 ad
700 1482 733 1524 se
747 1463 790 1525 ire
805 1464 960 1539 viderunt,
983 1463 1129 1543 impeturn
1144 1464 1233 1524 modo

209 1553 288 1614 ferre
316 1569 377 1611 non
404 1558 568 1629 potuerunt
590 1569 626 1611 ac
646 1537 743 1630 primo
765 1569 912 1629 concursu
932 1551 966 1611 in
986 1551 1087 1630 lugam
1109 1548 1236 1610 coniecti

166 1663 194 1701 rr
209 1637 363 1719 proximas
387 1635 480 1697 silvas
503 1635 685 1715 petiverunt.
725 1633 810 1706 Quos
831 1635 985 1705 Labienus
1006 1632 1147 1717 equitatu!
1159 1654 1234 1696 con-

210 1733 343 1787 sectatus
366 1742 475 1803 magno
491 1741 613 1870 11er
628 1723 800 1796 interiecto,
824 1721 1025 1802 compluribus
1042 1721 1140 1801 captis
1154 1740 1235 1801 pau-

210 1811 253 1873 cis
285 1818 357 1889 post
390 1809 495 1870 diebus
576 1809 683 1871 itatem
711 1809 831 1889 recepit.
880 1808 960 1870 Nam
991 1807 1150 1881 Gennani,
1184 1806 1236 1887 qui

211 1896 323 1959 auxilio
347 1895 527 1970 veniebant,
550 1904 693 1975 percepta
716 1896 918 1957 Treverorum
939 1897 1011 1975 fuga
1033 1913 1100 1955 sese
1115 1895 1237 1954 domum

211 1989 396 2061 receperunt
447 1981 523 2042 Cum
551 1981 599 2042 his
626 1960 786 2062 propirspi
811 1955 1026 2055 Irdlutiomari,
1056 1979 1108 2061 qui
1134 1980 1237 2041 deiec-

168 2087 197 2125 ao
212 2067 303 2129 tionis
332 2075 470 2128 auctores
493 2068 627 2141 fuerant,
657 2088 690 2129 co
724 2069 791 2129 'tati
814 2087 866 2129 eos
890 2086 928 2128 ex
949 2067 1073 2128 civitate
1095 2085 1237 2128 excesse-

211 2162 291 2215 runt
336 2152 535 2235 Cingetorigi,
565 2148 653 2252 qn'jn
681 2088 834 2301 §itio
856 2153 1061 2234 permansisse
1083 2152 1115 2214 in
1138 2151 1236 2214 officio

212 2239 500 2311 demonstravimus,
523 2236 707 2318 principatus
764 2246 825 2321 que
843 2240 1003 2320 imperium
1019 2247 1068 2301 est
1080 2238 1237 2301 traditum.

180 2328 197 2381 9
278 2325 402 2398 Caesar,
436 2333 598 2404 postquam
632 2344 669 2387 ex
701 2327 853 2408 Menapiis
874 2327 919 2388 ‘in
952 2326 1102 2387 Treveros
1136 2325 1237 2397 venit,

212 2413 330 2474 duabus
353 2413 390 2472 de
412 2411 514 2472 causis
536 2411 678 2474 Rhenum
693 2413 824 2474 transire
840 2412 1011 2486 constituit;
1035 2430 1161 2493 quarum
1176 2429 1240 2472 una

167 2521 198 2561 ar
213 2507 295 2572 erat,
330 2497 408 2578 quod
437 2496 550 2558 auxilia
577 2505 744 2581 contrQse
768 2499 909 2561 Treveris
932 2498 1095 2571 miserant,
1123 2497 1238 2569 altera,

213 2605 252 2646 ne
279 2585 319 2645 ad
346 2603 398 2644 eos
425 2583 586 2645 Ambiorix
612 2593 765 2664 receptum
792 2585 926 2659 habaet.
977 2584 1036 2647 His
1065 2583 1239 2646 constitutis

213 2671 303 2733 rebus
325 2669 449 2748 paulum
473 2689 566 2750 supra
588 2690 654 2756 eum
678 2671 791 2746 locum,
816 2690 875 2751 quo
898 2679 970 2733 ante
991 2670 1156 2732 exercitum
1169 2679 1239 2731 tra-

215 2759 359 2829 duxerat,
385 2757 491 2839 iecere
523 2765 646 2835 pontem
678 2757 818 2819 instituit.
868 2757 954 2819 Nota
980 2764 1071 2836 atque
1097 2755 1241 2820 instra

214 2843 331 2905 ratione
354 2861 462 2921 magno
485 2842 615 2904 militum
637 2835 751 2905 studit?
759 2843 864 2935 paucis
887 2843 991 2905 diebus
1012 2862 1087 2923 opus
1103 2841 1239 2904 efficitur.

172 2957 201 2996 ao
214 2929 318 2991 Firmo
346 2927 378 2989 in
407 2928 548 2989 Treveris
572 2930 611 2991 ad
633 2939 755 3009 pontem
778 2929 929 3010 praesidio
951 2929 1071 3004 relicto,
1106 2947 1144 2990 ne
1172 2927 1240 3009 quis

215 3016 254 3078 ab
284 3014 332 3075 his
356 3014 456 3076 subito
479 3024 579 3076 motus
602 3025 745 3090 oreretur,
774 3016 908 3096 reliquas
931 3015 1032 3096 copias
1055 3014 1241 3095 equitatum·
1282 3070 1287 3077 ,

215 3121 273 3183 qne
300 3101 443 3163 traducit.
487 3101 574 3175 Ubii,
604 3102 654 3181 qui
682 3113 753 3163 ante
781 3103 902 3165 obsides
926 3103 1072 3164 dederant
1094 3108 1186 3180 atque
1207 3099 1241 3163 iu

215 3187 397 3251 deditionem
419 3198 583 3262 venerant,
612 3188 761 3268 purgandi
784 3189 832 3250 sui
854 3207 947 3250 causa
969 3190 1008 3249 ad
1031 3205 1100 3248 eum
1121 3186 1241 3267 legatos

215 3275 353 3348 mittunt,
388 3274 439 3354 qui
473 3275 602 3336 doceant
634 3293 731 3355 neque
766 3273 880 3336 auxilia
908 3293 946 3335 ex
973 3293 1030 3336 sua
1057 3272 1181 3335 civitate
1208 3272 1242 3333 in

172 3390 202 3429 ω
216 3360 365 3423 Treveros
389 3360 484 3422 missa
506 3380 603 3440 neque
624 3361 663 3422 ab
686 3381 719 3422 se
741 3361 830 3422 fidem
851 3361 983 3421 laesam:
1016 3367 1242 3439 petuntatque

216 3457 320 3521 orant,
343 3456 378 3508 ut
392 3446 452 3507 sibi
466 3455 587 3527 parcat,
611 3466 648 3507 ne
664 3446 813 3508 communi
829 3446 896 3507 odio
912 3445 1135 3508 Germanorum
1148 3444 1242 3505 inno-

217 3543 317 3596 centes
339 3552 395 3613 pro
418 3533 594 3595 nocentibus
614 3552 728 3612 poenas
744 3533 895 3613 pendant;
918 3533 944 3593 si
959 3532 1087 3612 amplius
1103 3530 1243 3593 obsidum

216 3620 305 3692 velit,
334 3621 406 3680 dare
428 3618 615 3697 pollicentur.
661 3618 790 3699 Cognita
819 3617 933 3680 Caesar
955 3638 1048 3680 causa
1068 3617 1182 3698 reperit
1203 3617 1243 3678 ab

218 3702 326 3766 Suavis
355 3704 469 3766 auxilia
497 3705 592 3766 missa
620 3722 702 3778 esse3
735 3705 882 3766 Ubiorum
906 3705 1141 3767 satisfactionem
1163 3703 1243 3765 acci-

173 3814 203 3851 ro
217 3790 277 3869 pit,
301 3789 401 3851 aditus
425 3791 551 3872 viasque
573 3791 605 3851 in
629 3790 745 3852 Suevos
767 3791 921 3871 perquirit.

184 3879 217 3929 10
281 3875 405 3936 Interim
428 3878 532 3955 paucis
554 3886 626 3957 post
648 3877 751 3938 diebus
774 3878 809 3939 fit
831 3879 870 3940 ab
891 3878 979 3958 Ubiis
1000 3878 1108 3941 certior
1124 3875 1244 3939 Suevos

219 3980 323 4023 omnes
345 3960 376 4021 in
399 3981 491 4025 unum
515 3963 611 4026 locum
634 3962 736 4043 copias
760 3983 864 4045 cogere
887 3975 978 4045 atque
999 3964 1037 4026 iis
1051 3963 1244 4038 nationibus,
