2616 4492
199 267 239 330 78
528 282 577 327 nn
600 281 718 328 nutrio
742 280 897 328 otrnurco
974 326 988 347 l

198 421 357 485 Gallorum
391 419 589 481 coniurationi
616 421 759 482 resistere
785 439 846 480 non
873 418 1015 500 potuerit.
1060 418 1097 479 Id
1122 437 1156 478 se
1177 419 1227 480 fa-

198 508 256 570 cile
279 525 315 568 ex
338 507 509 567 humilitate
532 527 589 567 sua
610 508 740 586 probare
761 525 868 585 posse,
898 507 977 585 quod
1003 525 1063 566 non
1087 506 1163 567 adeo
1187 506 1230 566 sit

197 594 353 674 imperitus
387 612 501 667 rerum,
536 602 571 654 ut
598 593 660 654 suis
689 593 782 673 copiis
809 592 953 673 populum
976 591 1149 653 Romanum
1172 612 1228 652 su-

198 680 298 761 perari
331 698 423 760 posse
457 680 597 740 confidat.
643 678 705 740 Sed
735 698 802 740 esse
831 678 952 740 Galliae
974 696 1131 739 commune
1153 697 1228 738 con-

169 766 315 828 ssilium:
341 766 480 826 omnibus
503 766 635 826 hibernis
659 765 801 826 Caesaris
826 764 1036 845 oppugnandis
1059 765 1140 825 hunc
1161 782 1229 825 esse

200 853 313 914 dictum
337 852 431 925 diem,
456 871 493 911 ne
516 871 575 930 qua
598 852 673 932 legio
697 852 812 913 alterae
835 851 944 931 legioni
967 850 1102 912 subsidio
1124 851 1229 912 venire

199 947 313 1020 posset.
358 937 428 999 Non
454 938 541 998 facile
571 937 677 999 Gallos
702 937 799 999 Gallis
824 957 934 1018 negare
955 937 1107 1016 potuisse,
1121 942 1123 947 '
1137 956 1229 1017 prae-

200 1025 305 1086 sertim
339 1043 404 1085 cum
438 1025 475 1084 de
503 1026 708 1104 recuperanda
736 1025 884 1085 communi
909 1024 1048 1084 libertate
1070 1023 1229 1084 consilium

200 1111 308 1172 initum
338 1111 498 1171 videretur.
545 1108 663 1179 Quibus
692 1111 834 1191 qnoniam
856 1130 911 1190 pro
933 1111 1048 1190 pietate
1070 1110 1229 1171 satisfece-

163 1224 187 1262 ro
202 1197 258 1272 rit,
286 1197 399 1258 habere
423 1216 501 1257 nunc
523 1217 556 1258 se
578 1197 726 1258 rationem
751 1197 839 1258 officii
860 1216 916 1276 pro
939 1195 1090 1257 beneficiis
1114 1195 1230 1256 Caesa-

202 1283 259 1346 ris:
284 1302 420 1355 monere,
445 1302 532 1344 orare
555 1283 705 1344 Titurium
727 1303 782 1362 pro
805 1283 953 1362 bospitio,
977 1291 1011 1343 ut
1031 1301 1105 1343 suae
1120 1301 1156 1343 ac
1170 1282 1230 1343 mi·

202 1369 290 1431 litum
313 1369 405 1430 saluti
427 1369 574 1430 consulat.
612 1370 757 1450 Magnam
780 1388 903 1431 manum
919 1368 1140 1430 Germanorum
1156 1386 1231 1429 con-

202 1456 324 1517 ductam
357 1456 499 1517 Rhenum
521 1455 685 1530 transisse3
719 1456 800 1516 hanc
822 1457 925 1517 adfore
947 1455 1047 1516 biduo.
1090 1455 1232 1533 Ipsorum

202 1560 271 1604 esse
304 1542 477 1616 consilium,
512 1542 647 1603 velintne
679 1542 779 1622 prius,
812 1561 904 1621 quam
932 1541 1051 1602 finitimi
1080 1541 1230 1613 sentiant,

164 1656 189 1693 rs
203 1629 326 1690 eductos
349 1647 386 1689 ex
409 1628 542 1689 hibernis
565 1628 676 1689 milites
699 1630 815 1689 autad
839 1627 1013 1689 Ciceronem
1036 1636 1090 1688 aut
1111 1628 1152 1688 ad
1166 1626 1231 1688 La-

202 1714 322 1776 bienum
356 1715 517 1788 deducere,
553 1734 677 1794 quorum
706 1714 785 1775 alter
817 1714 904 1775 milia·
934 1732 1081 1794 passuum
1116 1713 1233 1774 circiter

204 1800 438 1882 quinquaginta,
467 1801 546 1862 alter
573 1801 663 1881 paulo
686 1801 817 1880 amplius
841 1800 939 1861 abiis
963 1798 1053 1861 absit.
1097 1798 1176 1861 Illud
1200 1818 1234 1860 se

202 1887 337 1966 polliceri
366 1897 397 1948 et
422 1886 614 1949 iureiurando
643 1888 836 1959 confirmare,
870 1895 971 1948 tutum
998 1885 1058 1947 iter
1078 1904 1134 1965 per
1155 1886 1232 1946 fines

204 1973 354 2034 daturum.
400 1970 491 2041 Quod
523 1993 589 2035 cum
622 1973 728 2045 iaciat,
764 1981 795 2034 et
822 1973 939 2034 civitati
966 1991 1034 2034 sese
1061 1972 1232 2046 consulere,

159 2089 189 2128 ,ο
204 2060 285 2136 qnod
306 2058 439 2119 hibernis
463 2059 588 2130 levetur,
613 2067 644 2119 et
666 2058 793 2120 Caesari
816 2079 870 2139 pro
893 2060 957 2121 eius
973 2058 1087 2119 meritis
1103 2057 1234 2139 gratiam

206 2145 326 2205 referre.
371 2145 438 2205 Hac
465 2144 602 2205 oratione
629 2144 736 2206 habita
763 2145 891 2207 discedit
916 2144 1088 2206 Ambiorix.

162 2241 196 2291 28
255 2229 420 2308 Arpineius
444 2238 475 2290 et
496 2230 601 2291 Iunius
625 2250 702 2310 quae
725 2233 885 2293 audierant
899 2233 938 2292 ad
953 2232 1069 2312 legatos
1086 2230 1234 2291 deferunt.

205 2315 255 2377 Illi
277 2315 434 2394 repentina
461 2335 493 2376 re
520 2316 703 2396 perturbati,
733 2317 791 2378 etsi
814 2319 853 2379 ab
875 2319 963 2379 hoste
987 2337 1024 2378 ea
1046 2317 1234 2388 dicebantur,

205 2410 310 2462 tamen
339 2420 398 2461 non
428 2402 612 2483 neglegenda
638 2403 868 2478 existimabant,
903 2404 1094 2482 maximeque
1119 2401 1177 2463 hac
1202 2420 1235 2463 re

163 2510 192 2550 aa
206 2489 476 2568 promovebantur,
504 2489 583 2568 quod
607 2488 760 2550 civitatem
788 2489 951 2569 ignobilem
979 2497 1070 2569 atque
1092 2488 1236 2550 humilem

205 2573 385 2635 Eburonum
414 2593 469 2634 sua
491 2583 599 2654 sponte
621 2575 734 2654 populo
756 2576 896 2637 Romano
919 2576 1032 2637 bellum
1054 2577 1154 2636 facere
1176 2594 1236 2635 au-

206 2678 275 2721 sam
302 2660 356 2721 vix
384 2669 451 2721 erat
478 2662 668 2722 credendum.
712 2662 821 2742 Itaque
849 2663 888 2722 ad
912 2661 1069 2724 consilium
1093 2680 1155 2722 rem
1179 2661 1236 2720 de-

205 2746 321 2816 ferunt,
346 2759 514 2826 magnaque
536 2746 616 2807 inter
638 2766 689 2808 eos
712 2747 831 2808 exsistit
853 2747 1070 2810 controversia.
1115 2747 1151 2807 L.
1166 2745 1237 2807 Au-

207 2831 379 2894 runculeius
403 2832 629 2912 compluresque
653 2833 767 2894 tribuni
790 2833 918 2895 militnm
943 2843 974 2895 et
995 2833 1161 2914 primorum
1185 2851 1238 2894 or-

165 2942 193 2980 eo
207 2916 310 2979 diuum
333 2919 524 2980 centuriones
547 2919 623 2981 nihil
644 2928 758 2980 temere
781 2922 929 3001 agendum
952 2939 1050 3001 neque
1073 2938 1111 2980 ex
1132 2918 1238 2981 hiber*

207 3004 255 3065 uis
282 3003 400 3065 iniussu
423 3004 564 3066 Caesaris
588 3005 802 3067 discedendum
825 3007 1056 3087 existimabant:
1087 3014 1238 3086 quantas-

206 3089 256 3151 vis
289 3090 391 3169 copias
426 3089 648 3153 Germanorum
677 3091 819 3153 sustineri
843 3112 934 3172 posse
956 3091 1081 3154 munitis
1103 3090 1238 3153 hibernis

208 3177 371 3238 docebant:
397 3196 459 3237 rem
483 3197 551 3239 esse
572 3177 763 3252 testimonio,
788 3181 867 3259 quod
888 3179 1015 3258 primum
1028 3178 1163 3239 hostium
1178 3176 1239 3238 im-

208 3272 312 3343 petum
346 3262 449 3324 multis
477 3263 556 3325 ultro
583 3264 757 3326 vulneribus
785 3264 889 3326 inlatis
912 3264 1077 3326 fortissime
1101 3263 1238 3325 sustinu-

167 3362 195 3410 os
209 3348 302 3422 erint3
338 3368 370 3409 re
392 3349 591 3412 immentaria
612 3370 673 3411 non
694 3351 805 3432 premi3
839 3351 958 3412 interea
980 3359 1011 3412 et
1034 3370 1072 3412 ex
1093 3349 1239 3431 proximis

208 3434 343 3496 hibernis
367 3444 398 3495 et
419 3455 439 3496 a
461 3436 592 3498 Caesare
614 3446 801 3499 conventura
821 3437 974 3510 'subsidia3
997 3444 1152 3516 postremo
1167 3435 1240 3516 quid

210 3539 276 3581 esse
303 3520 400 3581 levius
430 3531 483 3583 aut
510 3522 643 3601 turpius,
679 3542 769 3602 quam
798 3532 919 3584 auctore
941 3524 1030 3584 hoste
1053 3524 1090 3584 de
1113 3521 1240 3584 summis

166 3623 201 3674 29
210 3607 305 3667 rebus
323 3626 431 3686 capere
454 3608 631 3670 consilium?
664 3608 781 3670 Contra
803 3628 840 3670 ea
862 3609 1000 3671 Titurius
1023 3628 1089 3670 sero
1104 3610 1240 3670 tacturos

211 3691 402 3766 clamitabat,
438 3714 505 3756 cum
533 3694 664 3756 maiores
693 3713 800 3755 manus
828 3695 961 3757 hostium
985 3695 1134 3757 adiunctis
1158 3693 1241 3756 Ger-

170 3786 198 3825 *0
211 3777 310 3838 manis
333 3781 563 3854 convenissent,
587 3789 641 3841 aut
663 3799 730 3841 cum
753 3779 868 3859 aliquid
890 3781 1074 3843 calamitatis
1089 3782 1121 3843 in
1135 3779 1242 3859 proxi·

212 3862 270 3922 mis
302 3863 436 3927 hibernis
471 3876 553 3928 esset
587 3874 754 3946 acceptum.
810 3867 939 3928 Brevem
969 3865 1145 3929 consulendi
1174 3884 1242 3928 csse

212 3947 408 4011 occasionem.
447 3952 611 4014 Caesarem
635 3951 773 4014 arbitrari
795 3953 961 4032 profectum
976 3953 1007 4015 in
1022 3953 1161 4025 Italiam3
1184 3971 1242 4014 ne-
