<?xml version="1.0" encoding="UTF-8"?>
<!DOCTYPE html PUBLIC "-//W3C//DTD XHTML 1.0 Transitional//EN"
    "http://www.w3.org/TR/xhtml1/DTD/xhtml1-transitional.dtd">
<html xmlns="http://www.w3.org/1999/xhtml" xml:lang="en" lang="en">
 <head>
  <title>
</title>
<meta http-equiv="Content-Type" content="text/html;charset=utf-8" />
  <meta name='ocr-system' content='tesseract 3.04.00' />
  <meta name='ocr-capabilities' content='ocr_page ocr_carea ocr_par ocr_line ocrx_word'/>
</head>
<body>
  <div class='ocr_page' id='page_1' title='image "./debellogallicol00friggoog_0186.png"; bbox 0 0 2616 4492; ppageno 0'>
   <div class='ocr_carea' id='block_1_1' title="bbox 381 294 1095 362">
    <p class='ocr_par' dir='ltr' id='par_1_1' title="bbox 381 294 1095 362">
     <span class='ocr_line' id='line_1_1' title="bbox 381 294 1095 362; baseline -0.003 -1"><span class='ocrx_word' id='word_1_1' title='bbox 381 314 450 362; x_wconf 86' lang='lat' dir='ltr'>nm.</span> <span class='ocrx_word' id='word_1_2' title='bbox 466 313 540 361; x_wconf 86' lang='lat' dir='ltr'>vm.</span> <span class='ocrx_word' id='word_1_3' title='bbox 563 313 640 360; x_wconf 76' lang='lat' dir='ltr'>car.</span> <span class='ocrx_word' id='word_1_4' title='bbox 656 295 792 360; x_wconf 80' lang='grc'>36-41,</span> <span class='ocrx_word' id='word_1_5' title='bbox 1034 294 1095 360; x_wconf 80' lang='lat' dir='ltr'>loa</span> 
     </span>
    </p>
   </div>
   <div class='ocr_carea' id='block_1_2' title="bbox 20 449 1141 3548">
    <p class='ocr_par' dir='ltr' id='par_1_2' title="bbox 72 449 1124 1050">
     <span class='ocr_line' id='line_1_2' title="bbox 74 449 1095 532; baseline 0 -18"><span class='ocrx_word' id='word_1_6' title='bbox 74 451 213 532; x_wconf 90' lang='lat' dir='ltr'>exemplo</span> <span class='ocrx_word' id='word_1_7' title='bbox 241 462 357 514; x_wconf 85' lang='lat' dir='ltr'>ceterae</span> <span class='ocrx_word' id='word_1_8' title='bbox 383 453 521 515; x_wconf 86' lang='lat' dir='ltr'>civitates</span> <span class='ocrx_word' id='word_1_9' title='bbox 543 453 675 516; x_wconf 91' lang='lat' dir='ltr'>locorum</span> <span class='ocrx_word' id='word_1_10' title='bbox 698 449 923 532; x_wconf 83' lang='lat' dir='ltr'>opportunitate</span> <span class='ocrx_word' id='word_1_11' title='bbox 944 450 1040 512; x_wconf 82' lang='lat' dir='ltr'>iratae</span> <span class='ocrx_word' id='word_1_12' title='bbox 1062 471 1095 514; x_wconf 85' lang='lat' dir='ltr'>sa</span> 
     </span>
     <span class='ocr_line' id='line_1_3' title="bbox 74 535 1095 615; baseline -0.001 -15"><span class='ocrx_word' id='word_1_13' title='bbox 74 539 266 602; x_wconf 85' lang='lat' dir='ltr'>vindicarent</span> <span class='ocrx_word' id='word_1_14' title='bbox 287 539 317 601; x_wconf 93' lang='lat' dir='ltr'>iu</span> <span class='ocrx_word' id='word_1_15' title='bbox 340 539 526 615; x_wconf 84' lang='lat' dir='ltr'>libertatem,</span> <span class='ocrx_word' id='word_1_16' title='bbox 551 559 617 601; x_wconf 91' lang='lat' dir='ltr'>cnm</span> <span class='ocrx_word' id='word_1_17' title='bbox 641 539 778 600; x_wconf 93' lang='lat' dir='ltr'>omnibus</span> <span class='ocrx_word' id='word_1_18' title='bbox 794 535 893 598; x_wconf 86' lang='lat' dir='ltr'>Gallis</span> <span class='ocrx_word' id='word_1_19' title='bbox 909 545 1013 598; x_wconf 92' lang='lat' dir='ltr'>notum</span> <span class='ocrx_word' id='word_1_20' title='bbox 1029 556 1095 599; x_wconf 88' lang='lat' dir='ltr'>esse</span> 
     </span>
     <span class='ocr_line' id='line_1_4' title="bbox 74 622 1095 706; baseline -0.002 -19"><span class='ocrx_word' id='word_1_21' title='bbox 74 627 165 688; x_wconf 90' lang='lat' dir='ltr'>sciret</span> <span class='ocrx_word' id='word_1_22' title='bbox 186 626 333 706; x_wconf 90' lang='lat' dir='ltr'>reliquam</span> <span class='ocrx_word' id='word_1_23' title='bbox 350 646 418 687; x_wconf 86' lang='lat' dir='ltr'>esse</span> <span class='ocrx_word' id='word_1_24' title='bbox 433 646 523 688; x_wconf 89' lang='lat' dir='ltr'>unam</span> <span class='ocrx_word' id='word_1_25' title='bbox 540 635 690 687; x_wconf 86' lang='lat' dir='ltr'>aestatem</span> <span class='ocrx_word' id='word_1_26' title='bbox 705 644 779 686; x_wconf 88' lang='lat' dir='ltr'>suae</span> <span class='ocrx_word' id='word_1_27' title='bbox 794 622 981 704; x_wconf 88' lang='lat' dir='ltr'>provinciae,</span> <span class='ocrx_word' id='word_1_28' title='bbox 1004 642 1095 703; x_wconf 84' lang='lat' dir='ltr'>quarn</span> 
     </span>
     <span class='ocr_line' id='line_1_5' title="bbox 74 708 1094 791; baseline -0.002 -17"><span class='ocrx_word' id='word_1_29' title='bbox 74 713 103 774; x_wconf 89' lang='lat' dir='ltr'>si</span> <span class='ocrx_word' id='word_1_30' title='bbox 124 711 273 774; x_wconf 89' lang='lat' dir='ltr'>sustinere</span> <span class='ocrx_word' id='word_1_31' title='bbox 301 712 486 791; x_wconf 89' lang='lat' dir='ltr'>potuissent,</span> <span class='ocrx_word' id='word_1_32' title='bbox 520 711 635 774; x_wconf 89' lang='lat' dir='ltr'>nullum</span> <span class='ocrx_word' id='word_1_33' title='bbox 663 711 743 772; x_wconf 88' lang='lat' dir='ltr'>ultra</span> <span class='ocrx_word' id='word_1_34' title='bbox 768 708 931 791; x_wconf 91' lang='lat' dir='ltr'>pericnlum</span> <span class='ocrx_word' id='word_1_35' title='bbox 953 728 1094 772; x_wconf 88' lang='lat' dir='ltr'>vereren-</span> 
     </span>
     <span class='ocr_line' id='line_1_6' title="bbox 72 794 1124 879; baseline -0.003 -20"><span class='ocrx_word' id='word_1_36' title='bbox 72 807 132 860; x_wconf 86' lang='lat' dir='ltr'><strong>tur.</strong></span> <span class='ocrx_word' id='word_1_37' title='bbox 177 798 284 879; x_wconf 91' lang='lat' dir='ltr'>Itaqne</span> <span class='ocrx_word' id='word_1_38' title='bbox 307 795 345 867; x_wconf 80' lang='lat' dir='ltr'>Q.</span> <span class='ocrx_word' id='word_1_39' title='bbox 360 797 507 860; x_wconf 81' lang='lat' dir='ltr'>Calenum</span> <span class='ocrx_word' id='word_1_40' title='bbox 530 798 661 879; x_wconf 88' lang='lat' dir='ltr'>legatum</span> <span class='ocrx_word' id='word_1_41' title='bbox 684 817 750 859; x_wconf 87' lang='lat' dir='ltr'>cnm</span> <span class='ocrx_word' id='word_1_42' title='bbox 772 795 938 877; x_wconf 85' lang='lat' dir='ltr'>legionibus</span> <span class='ocrx_word' id='word_1_43' title='bbox 960 794 1124 875; x_wconf 56' lang='lat' dir='ltr'>reliquias</span> 
     </span>
     <span class='ocr_line' id='line_1_7' title="bbox 74 881 1096 966; baseline -0.001 -21"><span class='ocrx_word' id='word_1_44' title='bbox 74 885 125 966; x_wconf 93' lang='lat' dir='ltr'>qui</span> <span class='ocrx_word' id='word_1_45' title='bbox 146 884 236 945; x_wconf 91' lang='lat' dir='ltr'>iustis</span> <span class='ocrx_word' id='word_1_46' title='bbox 257 884 417 947; x_wconf 83' lang='lat' dir='ltr'>itineribus</span> <span class='ocrx_word' id='word_1_47' title='bbox 441 885 688 966; x_wconf 81' lang='lat' dir='ltr'>subsequeretur3</span> <span class='ocrx_word' id='word_1_48' title='bbox 721 884 787 962; x_wconf 91' lang='lat' dir='ltr'>ipse</span> <span class='ocrx_word' id='word_1_49' title='bbox 814 902 880 945; x_wconf 88' lang='lat' dir='ltr'>cum</span> <span class='ocrx_word' id='word_1_50' title='bbox 907 882 988 943; x_wconf 91' lang='lat' dir='ltr'>omni</span> <span class='ocrx_word' id='word_1_51' title='bbox 1010 881 1096 964; x_wconf 92' lang='lat' dir='ltr'>equi-</span> 
     </span>
     <span class='ocr_line' id='line_1_8' title="bbox 72 967 978 1050; baseline -0.006 -17"><span class='ocrx_word' id='word_1_52' title='bbox 72 979 141 1033; x_wconf 88' lang='lat' dir='ltr'>tatu</span> <span class='ocrx_word' id='word_1_53' title='bbox 163 989 253 1050; x_wconf 91' lang='lat' dir='ltr'>quam</span> <span class='ocrx_word' id='word_1_54' title='bbox 275 979 378 1050; x_wconf 90' lang='lat' dir='ltr'>potest</span> <span class='ocrx_word' id='word_1_55' title='bbox 399 971 550 1033; x_wconf 80' lang='lat' dir='ltr'>celerrime</span> <span class='ocrx_word' id='word_1_56' title='bbox 573 972 613 1032; x_wconf 89' lang='lat' dir='ltr'>ad</span> <span class='ocrx_word' id='word_1_57' title='bbox 635 970 794 1032; x_wconf 82' lang='lat' dir='ltr'>Caninium</span> <span class='ocrx_word' id='word_1_58' title='bbox 816 967 978 1030; x_wconf 82' lang='lat' dir='ltr'>contendit.</span> 
     </span>
    </p>

    <p class='ocr_par' dir='ltr' id='par_1_3' title="bbox 20 1053 1141 3548">
     <span class='ocr_line' id='line_1_9' title="bbox 139 1053 1140 1138; baseline -0.001 -21"><span class='ocrx_word' id='word_1_59' title='bbox 139 1056 215 1118; x_wconf 81' lang='lat' dir='ltr'>Cum</span> <span class='ocrx_word' id='word_1_60' title='bbox 249 1064 355 1120; x_wconf 86' lang='lat' dir='ltr'>eontra</span> <span class='ocrx_word' id='word_1_61' title='bbox 388 1057 641 1138; x_wconf 84' lang='lat' dir='ltr'>exspectationem</span> <span class='ocrx_word' id='word_1_62' title='bbox 669 1056 801 1117; x_wconf 91' lang='lat' dir='ltr'>omnium</span> <span class='ocrx_word' id='word_1_63' title='bbox 828 1054 942 1117; x_wconf 86' lang='lat' dir='ltr'>Caesar</span> <span class='ocrx_word' id='word_1_64' title='bbox 968 1053 1140 1116; x_wconf 85' lang='lat' dir='ltr'>Uxello-40</span> 
     </span>
     <span class='ocr_line' id='line_1_10' title="bbox 74 1141 1097 1225; baseline -0.002 -19"><span class='ocrx_word' id='word_1_65' title='bbox 74 1144 188 1206; x_wconf 92' lang='lat' dir='ltr'>dunum</span> <span class='ocrx_word' id='word_1_66' title='bbox 219 1143 356 1206; x_wconf 89' lang='lat' dir='ltr'>venisset</span> <span class='ocrx_word' id='word_1_67' title='bbox 389 1145 589 1225; x_wconf 87' lang='lat' dir='ltr'>oppidumque</span> <span class='ocrx_word' id='word_1_68' title='bbox 618 1143 757 1224; x_wconf 91' lang='lat' dir='ltr'>operibus</span> <span class='ocrx_word' id='word_1_69' title='bbox 790 1141 923 1203; x_wconf 88' lang='lat' dir='ltr'>clausurn</span> <span class='ocrx_word' id='word_1_70' title='bbox 957 1141 1097 1204; x_wconf 88' lang='lat' dir='ltr'>animad-</span> 
     </span>
     <span class='ocr_line' id='line_1_11' title="bbox 73 1227 1139 1311; baseline -0.004 -21"><span class='ocrx_word' id='word_1_71' title='bbox 73 1237 205 1290; x_wconf 90' lang='lat' dir='ltr'>verteret</span> <span class='ocrx_word' id='word_1_72' title='bbox 236 1248 333 1311; x_wconf 87' lang='lat' dir='ltr'>neque</span> <span class='ocrx_word' id='word_1_73' title='bbox 361 1230 400 1292; x_wconf 90' lang='lat' dir='ltr'>ab</span> <span class='ocrx_word' id='word_1_74' title='bbox 428 1228 652 1311; x_wconf 82' lang='lat' dir='ltr'>oppugnatione</span> <span class='ocrx_word' id='word_1_75' title='bbox 677 1228 776 1290; x_wconf 86' lang='lat' dir='ltr'>recedi</span> <span class='ocrx_word' id='word_1_76' title='bbox 803 1228 918 1289; x_wconf 87' lang='lat' dir='ltr'>videret</span> <span class='ocrx_word' id='word_1_77' title='bbox 938 1227 1001 1289; x_wconf 85' lang='lat' dir='ltr'>ulla</span> <span class='ocrx_word' id='word_1_78' title='bbox 1023 1246 1097 1296; x_wconf 84' lang='lat' dir='ltr'>con·</span> <span class='ocrx_word' id='word_1_79' title='bbox 1111 1249 1139 1287; x_wconf 85' lang='grc' dir='ltr'>ιο</span> 
     </span>
     <span class='ocr_line' id='line_1_12' title="bbox 74 1314 1098 1397; baseline -0.001 -21"><span class='ocrx_word' id='word_1_80' title='bbox 74 1315 191 1377; x_wconf 89' lang='lat' dir='ltr'>dicione</span> <span class='ocrx_word' id='word_1_81' title='bbox 211 1335 317 1397; x_wconf 87' lang='lat' dir='ltr'>posse,</span> <span class='ocrx_word' id='word_1_82' title='bbox 340 1335 450 1397; x_wconf 88' lang='lat' dir='ltr'>magna</span> <span class='ocrx_word' id='word_1_83' title='bbox 471 1327 572 1378; x_wconf 89' lang='lat' dir='ltr'>autem</span> <span class='ocrx_word' id='word_1_84' title='bbox 595 1315 682 1397; x_wconf 90' lang='lat' dir='ltr'>copia</span> <span class='ocrx_word' id='word_1_85' title='bbox 702 1315 845 1376; x_wconf 76' lang='lat' dir='ltr'>frumenti</span> <span class='ocrx_word' id='word_1_86' title='bbox 866 1314 1019 1375; x_wconf 89' lang='lat' dir='ltr'>abundare</span> <span class='ocrx_word' id='word_1_87' title='bbox 1040 1332 1098 1394; x_wconf 89' lang='lat' dir='ltr'>op··</span> 
     </span>
     <span class='ocr_line' id='line_1_13' title="bbox 73 1399 1097 1484; baseline -0.002 -22"><span class='ocrx_word' id='word_1_88' title='bbox 73 1402 201 1482; x_wconf 85' lang='lat' dir='ltr'>pidanos</span> <span class='ocrx_word' id='word_1_89' title='bbox 235 1421 274 1463; x_wconf 88' lang='lat' dir='ltr'>ex</span> <span class='ocrx_word' id='word_1_90' title='bbox 304 1402 437 1484; x_wconf 81' lang='lat' dir='ltr'>perfugis</span> <span class='ocrx_word' id='word_1_91' title='bbox 470 1410 644 1481; x_wconf 81' lang='lat' dir='ltr'>cognosset,</span> <span class='ocrx_word' id='word_1_92' title='bbox 678 1419 759 1481; x_wconf 88' lang='lat' dir='ltr'>aqua</span> <span class='ocrx_word' id='word_1_93' title='bbox 789 1400 946 1480; x_wconf 92' lang='lat' dir='ltr'>prohibere</span> <span class='ocrx_word' id='word_1_94' title='bbox 978 1399 1097 1461; x_wconf 84' lang='lat' dir='ltr'>hostem</span> 
     </span>
     <span class='ocr_line' id='line_1_14' title="bbox 75 1486 1097 1569; baseline -0.002 -19"><span class='ocrx_word' id='word_1_95' title='bbox 75 1497 225 1568; x_wconf 89' lang='lat' dir='ltr'>temptare</span> <span class='ocrx_word' id='word_1_96' title='bbox 245 1489 350 1569; x_wconf 84' lang='lat' dir='ltr'>coepit.</span> <span class='ocrx_word' id='word_1_97' title='bbox 395 1487 523 1550; x_wconf 86' lang='lat' dir='ltr'>Flumen</span> <span class='ocrx_word' id='word_1_98' title='bbox 544 1488 680 1549; x_wconf 90' lang='lat' dir='ltr'>infimam</span> <span class='ocrx_word' id='word_1_99' title='bbox 702 1487 813 1548; x_wconf 85' lang='lat' dir='ltr'>vallem</span> <span class='ocrx_word' id='word_1_100' title='bbox 828 1486 996 1558; x_wconf 81' lang='lat' dir='ltr'>dividebat,</span> <span class='ocrx_word' id='word_1_101' title='bbox 1019 1504 1097 1565; x_wconf 85' lang='lat' dir='ltr'>qnae</span> 
     </span>
     <span class='ocr_line' id='line_1_15' title="bbox 73 1572 1096 1655; baseline -0.002 -20"><span class='ocrx_word' id='word_1_102' title='bbox 73 1578 172 1636; x_wconf 91' lang='lat' dir='ltr'>totum</span> <span class='ocrx_word' id='word_1_103' title='bbox 194 1592 291 1654; x_wconf 86' lang='lat' dir='ltr'>paene</span> <span class='ocrx_word' id='word_1_104' title='bbox 312 1582 444 1636; x_wconf 91' lang='lat' dir='ltr'>montem</span> <span class='ocrx_word' id='word_1_105' title='bbox 466 1574 621 1655; x_wconf 86' lang='lat' dir='ltr'>cingebat,</span> <span class='ocrx_word' id='word_1_106' title='bbox 644 1573 675 1634; x_wconf 93' lang='lat' dir='ltr'>in</span> <span class='ocrx_word' id='word_1_107' title='bbox 697 1592 756 1653; x_wconf 93' lang='lat' dir='ltr'>qno</span> <span class='ocrx_word' id='word_1_108' title='bbox 777 1572 910 1654; x_wconf 90' lang='lat' dir='ltr'>positum</span> <span class='ocrx_word' id='word_1_109' title='bbox 926 1580 993 1634; x_wconf 88' lang='lat' dir='ltr'>erat</span> <span class='ocrx_word' id='word_1_110' title='bbox 1006 1589 1096 1651; x_wconf 88' lang='lat' dir='ltr'>prae-</span> 
     </span>
     <span class='ocr_line' id='line_1_16' title="bbox 75 1656 1138 1741; baseline -0.007 -19"><span class='ocrx_word' id='word_1_111' title='bbox 75 1668 197 1740; x_wconf 90' lang='lat' dir='ltr'>ruptum</span> <span class='ocrx_word' id='word_1_112' title='bbox 218 1659 350 1740; x_wconf 89' lang='lat' dir='ltr'>undique</span> <span class='ocrx_word' id='word_1_113' title='bbox 373 1659 515 1741; x_wconf 88' lang='lat' dir='ltr'>oppidum</span> <span class='ocrx_word' id='word_1_114' title='bbox 535 1659 770 1722; x_wconf 83' lang='lat' dir='ltr'>Uxellodunum.</span> <span class='ocrx_word' id='word_1_115' title='bbox 802 1659 870 1721; x_wconf 91' lang='lat' dir='ltr'>Hoc</span> <span class='ocrx_word' id='word_1_116' title='bbox 891 1667 1026 1719; x_wconf 88' lang='lat' dir='ltr'>avertere</span> <span class='ocrx_word' id='word_1_117' title='bbox 1040 1656 1098 1720; x_wconf 90' lang='lat' dir='ltr'>loci</span> <span class='ocrx_word' id='word_1_118' title='bbox 1111 1679 1138 1718; x_wconf 69' lang='grc' dir='ltr'>ω</span> 
     </span>
     <span class='ocr_line' id='line_1_17' title="bbox 73 1743 1096 1824; baseline -0.002 -16"><span class='ocrx_word' id='word_1_119' title='bbox 73 1756 186 1808; x_wconf 87' lang='lat' dir='ltr'>natura</span> <span class='ocrx_word' id='word_1_120' title='bbox 216 1745 410 1824; x_wconf 88' lang='lat' dir='ltr'>prohibebat:</span> <span class='ocrx_word' id='word_1_121' title='bbox 444 1744 476 1807; x_wconf 93' lang='lat' dir='ltr'>in</span> <span class='ocrx_word' id='word_1_122' title='bbox 502 1745 613 1807; x_wconf 83' lang='lat' dir='ltr'>intimis</span> <span class='ocrx_word' id='word_1_123' title='bbox 641 1743 721 1806; x_wconf 93' lang='lat' dir='ltr'>enim</span> <span class='ocrx_word' id='word_1_124' title='bbox 749 1743 794 1806; x_wconf 87' lang='lat' dir='ltr'>sic</span> <span class='ocrx_word' id='word_1_125' title='bbox 813 1743 963 1806; x_wconf 85' lang='lat' dir='ltr'>radicibus</span> <span class='ocrx_word' id='word_1_126' title='bbox 985 1743 1096 1806; x_wconf 92' lang='lat' dir='ltr'>montis</span> 
     </span>
     <span class='ocr_line' id='line_1_18' title="bbox 74 1829 1097 1911; baseline -0.001 -18"><span class='ocrx_word' id='word_1_127' title='bbox 74 1831 235 1904; x_wconf 80' lang='lat' dir='ltr'>ferebatur,</span> <span class='ocrx_word' id='word_1_128' title='bbox 269 1840 303 1892; x_wconf 91' lang='lat' dir='ltr'>ut</span> <span class='ocrx_word' id='word_1_129' title='bbox 329 1831 446 1892; x_wconf 92' lang='lat' dir='ltr'>nullam</span> <span class='ocrx_word' id='word_1_130' title='bbox 471 1831 503 1893; x_wconf 94' lang='lat' dir='ltr'>in</span> <span class='ocrx_word' id='word_1_131' title='bbox 529 1839 648 1911; x_wconf 90' lang='lat' dir='ltr'>partem</span> <span class='ocrx_word' id='word_1_132' title='bbox 675 1829 825 1911; x_wconf 89' lang='lat' dir='ltr'>depressis</span> <span class='ocrx_word' id='word_1_133' title='bbox 852 1829 943 1892; x_wconf 85' lang='lat' dir='ltr'>iussis</span> <span class='ocrx_word' id='word_1_134' title='bbox 965 1829 1097 1892; x_wconf 85' lang='lat' dir='ltr'>derivari</span> 
     </span>
     <span class='ocr_line' id='line_1_19' title="bbox 75 1916 1097 1998; baseline 0 -21"><span class='ocrx_word' id='word_1_135' title='bbox 75 1924 188 1997; x_wconf 87' lang='lat' dir='ltr'>posset.</span> <span class='ocrx_word' id='word_1_136' title='bbox 232 1916 310 1979; x_wconf 85' lang='lat' dir='ltr'>Erat</span> <span class='ocrx_word' id='word_1_137' title='bbox 342 1926 444 1979; x_wconf 89' lang='lat' dir='ltr'>autem</span> <span class='ocrx_word' id='word_1_138' title='bbox 471 1917 631 1998; x_wconf 89' lang='lat' dir='ltr'>oppidanis</span> <span class='ocrx_word' id='word_1_139' title='bbox 658 1916 785 1978; x_wconf 83' lang='lat' dir='ltr'>difficilis</span> <span class='ocrx_word' id='word_1_140' title='bbox 808 1925 839 1978; x_wconf 90' lang='lat' dir='ltr'>et</span> <span class='ocrx_word' id='word_1_141' title='bbox 859 1924 1039 1997; x_wconf 89' lang='lat' dir='ltr'>praemptns</span> <span class='ocrx_word' id='word_1_142' title='bbox 1061 1933 1097 1978; x_wconf 90' lang='lat' dir='ltr'>eo</span> 
     </span>
     <span class='ocr_line' id='line_1_20' title="bbox 75 2001 1098 2084; baseline -0.001 -18"><span class='ocrx_word' id='word_1_143' title='bbox 75 2004 255 2076; x_wconf 87' lang='lat' dir='ltr'>descensus,</span> <span class='ocrx_word' id='word_1_144' title='bbox 289 2012 324 2065; x_wconf 91' lang='lat' dir='ltr'>ut</span> <span class='ocrx_word' id='word_1_145' title='bbox 354 2003 584 2084; x_wconf 89' lang='lat' dir='ltr'>prohibentibus</span> <span class='ocrx_word' id='word_1_146' title='bbox 616 2003 731 2065; x_wconf 90' lang='lat' dir='ltr'>nostris</span> <span class='ocrx_word' id='word_1_147' title='bbox 764 2001 829 2064; x_wconf 91' lang='lat' dir='ltr'>sine</span> <span class='ocrx_word' id='word_1_148' title='bbox 860 2001 1034 2065; x_wconf 84' lang='lat' dir='ltr'>vulneribus</span> <span class='ocrx_word' id='word_1_149' title='bbox 1061 2020 1098 2065; x_wconf 87' lang='lat' dir='ltr'>ao</span> 
     </span>
     <span class='ocr_line' id='line_1_21' title="bbox 74 2088 1140 2171; baseline -0.001 -20"><span class='ocrx_word' id='word_1_150' title='bbox 74 2088 206 2171; x_wconf 88' lang='lat' dir='ltr'>periculo</span> <span class='ocrx_word' id='word_1_151' title='bbox 238 2088 321 2151; x_wconf 87' lang='lat' dir='ltr'>vitae</span> <span class='ocrx_word' id='word_1_152' title='bbox 347 2109 443 2171; x_wconf 88' lang='lat' dir='ltr'>neque</span> <span class='ocrx_word' id='word_1_153' title='bbox 470 2089 554 2152; x_wconf 89' lang='lat' dir='ltr'>adire</span> <span class='ocrx_word' id='word_1_154' title='bbox 581 2089 693 2152; x_wconf 89' lang='lat' dir='ltr'>flumen</span> <span class='ocrx_word' id='word_1_155' title='bbox 720 2108 816 2170; x_wconf 92' lang='lat' dir='ltr'>neque</span> <span class='ocrx_word' id='word_1_156' title='bbox 842 2089 937 2150; x_wconf 91' lang='lat' dir='ltr'>arduo</span> <span class='ocrx_word' id='word_1_157' title='bbox 962 2107 997 2150; x_wconf 88' lang='lat' dir='ltr'>se</span> <span class='ocrx_word' id='word_1_158' title='bbox 1018 2088 1097 2151; x_wconf 87' lang='lat' dir='ltr'>reci-</span> <span class='ocrx_word' id='word_1_159' title='bbox 1110 2110 1140 2149; x_wconf 80' lang='lat' dir='ltr'>ao</span> 
     </span>
     <span class='ocr_line' id='line_1_22' title="bbox 74 2174 1096 2255; baseline 0.001 -19"><span class='ocrx_word' id='word_1_160' title='bbox 74 2194 144 2255; x_wconf 90' lang='lat' dir='ltr'>pere</span> <span class='ocrx_word' id='word_1_161' title='bbox 165 2185 293 2255; x_wconf 89' lang='lat' dir='ltr'>possent</span> <span class='ocrx_word' id='word_1_162' title='bbox 314 2194 450 2238; x_wconf 86' lang='lat' dir='ltr'>ascensu.</span> <span class='ocrx_word' id='word_1_163' title='bbox 488 2174 559 2246; x_wconf 83' lang='lat' dir='ltr'>Qua</span> <span class='ocrx_word' id='word_1_164' title='bbox 573 2175 750 2238; x_wconf 79' lang='lat' dir='ltr'>difficultate</span> <span class='ocrx_word' id='word_1_165' title='bbox 765 2194 868 2237; x_wconf 87' lang='lat' dir='ltr'>eorum</span> <span class='ocrx_word' id='word_1_166' title='bbox 883 2174 1002 2255; x_wconf 83' lang='lat' dir='ltr'>cognita</span> <span class='ocrx_word' id='word_1_167' title='bbox 1017 2174 1096 2237; x_wconf 81' lang='lat' dir='ltr'>an-</span> 
     </span>
     <span class='ocr_line' id='line_1_23' title="bbox 75 2260 1097 2343; baseline 0 -20"><span class='ocrx_word' id='word_1_168' title='bbox 75 2281 128 2323; x_wconf 85' lang='lat' dir='ltr'>sar</span> <span class='ocrx_word' id='word_1_169' title='bbox 154 2262 318 2342; x_wconf 88' lang='lat' dir='ltr'>sagittariis</span> <span class='ocrx_word' id='word_1_170' title='bbox 339 2263 599 2343; x_wconf 82' lang='lat' dir='ltr'>funditoribusque</span> <span class='ocrx_word' id='word_1_171' title='bbox 621 2261 791 2343; x_wconf 89' lang='lat' dir='ltr'>dispositis,</span> <span class='ocrx_word' id='word_1_172' title='bbox 819 2260 979 2323; x_wconf 89' lang='lat' dir='ltr'>tormentis</span> <span class='ocrx_word' id='word_1_173' title='bbox 1006 2260 1097 2323; x_wconf 90' lang='lat' dir='ltr'>etiam</span> 
     </span>
     <span class='ocr_line' id='line_1_24' title="bbox 75 2346 1096 2429; baseline 0 -20"><span class='ocrx_word' id='word_1_174' title='bbox 75 2347 256 2429; x_wconf 90' lang='lat' dir='ltr'>quibusdam</span> <span class='ocrx_word' id='word_1_175' title='bbox 288 2348 361 2412; x_wconf 86' lang='lat' dir='ltr'>locis</span> <span class='ocrx_word' id='word_1_176' title='bbox 393 2358 498 2412; x_wconf 87' lang='lat' dir='ltr'>contra</span> <span class='ocrx_word' id='word_1_177' title='bbox 528 2348 687 2412; x_wconf 85' lang='lat' dir='ltr'>facillimos</span> <span class='ocrx_word' id='word_1_178' title='bbox 721 2348 883 2411; x_wconf 86' lang='lat' dir='ltr'>descensus</span> <span class='ocrx_word' id='word_1_179' title='bbox 916 2346 1096 2423; x_wconf 81' lang='lat' dir='ltr'>conlocatis,</span> 
     </span>
     <span class='ocr_line' id='line_1_25' title="bbox 76 2431 1138 2517; baseline 0.002 -22"><span class='ocrx_word' id='word_1_180' title='bbox 76 2452 157 2513; x_wconf 88' lang='lat' dir='ltr'>aqua</span> <span class='ocrx_word' id='word_1_181' title='bbox 177 2434 308 2498; x_wconf 87' lang='lat' dir='ltr'>fluminis</span> <span class='ocrx_word' id='word_1_182' title='bbox 323 2436 503 2516; x_wconf 91' lang='lat' dir='ltr'>prohibebat</span> <span class='ocrx_word' id='word_1_183' title='bbox 517 2436 694 2517; x_wconf 88' lang='lat' dir='ltr'>oppidanos.</span> <span class='ocrx_word' id='word_1_184' title='bbox 728 2431 863 2505; x_wconf 79' lang='lat' dir='ltr'>Quorum</span> <span class='ocrx_word' id='word_1_185' title='bbox 877 2432 974 2495; x_wconf 90' lang='lat' dir='ltr'>omnis</span> <span class='ocrx_word' id='word_1_186' title='bbox 988 2436 1138 2513; x_wconf 70' lang='lat' dir='ltr'>posteoss</span> 
     </span>
     <span class='ocr_line' id='line_1_26' title="bbox 75 2518 1140 2604; baseline -0.001 -22"><span class='ocrx_word' id='word_1_187' title='bbox 75 2519 235 2583; x_wconf 89' lang='lat' dir='ltr'>multitudo</span> <span class='ocrx_word' id='word_1_188' title='bbox 264 2532 443 2604; x_wconf 89' lang='lat' dir='ltr'>aquatorum</span> <span class='ocrx_word' id='word_1_189' title='bbox 465 2541 557 2585; x_wconf 91' lang='lat' dir='ltr'>unum</span> <span class='ocrx_word' id='word_1_190' title='bbox 579 2523 611 2584; x_wconf 93' lang='lat' dir='ltr'>in</span> <span class='ocrx_word' id='word_1_191' title='bbox 632 2522 731 2584; x_wconf 89' lang='lat' dir='ltr'>locum</span> <span class='ocrx_word' id='word_1_192' title='bbox 752 2519 950 2583; x_wconf 87' lang='lat' dir='ltr'>conveniebat</span> <span class='ocrx_word' id='word_1_193' title='bbox 970 2519 1026 2582; x_wconf 86' lang='lat' dir='ltr'>sub</span> <span class='ocrx_word' id='word_1_194' title='bbox 1047 2518 1098 2601; x_wconf 87' lang='lat' dir='ltr'>ip-</span> <span class='ocrx_word' id='word_1_195' title='bbox 1110 2534 1140 2593; x_wconf 71' lang='grc' dir='ltr'><strong>μ</strong></span> 
     </span>
     <span class='ocr_line' id='line_1_27' title="bbox 76 2605 1100 2690; baseline 0 -21"><span class='ocrx_word' id='word_1_196' title='bbox 76 2605 140 2669; x_wconf 90' lang='lat' dir='ltr'>sins</span> <span class='ocrx_word' id='word_1_197' title='bbox 168 2607 271 2687; x_wconf 92' lang='lat' dir='ltr'>oppidi</span> <span class='ocrx_word' id='word_1_198' title='bbox 292 2627 426 2683; x_wconf 90' lang='lat' dir='ltr'>murum,</span> <span class='ocrx_word' id='word_1_199' title='bbox 453 2608 506 2671; x_wconf 92' lang='lat' dir='ltr'>ubi</span> <span class='ocrx_word' id='word_1_200' title='bbox 527 2628 654 2690; x_wconf 88' lang='lat' dir='ltr'>magnus</span> <span class='ocrx_word' id='word_1_201' title='bbox 675 2609 744 2670; x_wconf 84' lang='lat' dir='ltr'>lons</span> <span class='ocrx_word' id='word_1_202' title='bbox 765 2626 864 2689; x_wconf 85' lang='lat' dir='ltr'>aquae</span> <span class='ocrx_word' id='word_1_203' title='bbox 884 2606 1100 2688; x_wconf 79' lang='lat' dir='ltr'>prorumpebat</span> 
     </span>
     <span class='ocr_line' id='line_1_28' title="bbox 76 2690 1099 2774; baseline 0.002 -21"><span class='ocrx_word' id='word_1_204' title='bbox 76 2692 115 2754; x_wconf 91' lang='lat' dir='ltr'>ab</span> <span class='ocrx_word' id='word_1_205' title='bbox 137 2711 175 2753; x_wconf 86' lang='lat' dir='ltr'>ea</span> <span class='ocrx_word' id='word_1_206' title='bbox 194 2702 297 2772; x_wconf 86' lang='lat' dir='ltr'>parte,</span> <span class='ocrx_word' id='word_1_207' title='bbox 321 2713 398 2773; x_wconf 88' lang='lat' dir='ltr'>quae</span> <span class='ocrx_word' id='word_1_208' title='bbox 417 2695 481 2757; x_wconf 84' lang='lat' dir='ltr'>fero</span> <span class='ocrx_word' id='word_1_209' title='bbox 501 2694 612 2774; x_wconf 92' lang='lat' dir='ltr'>pedum</span> <span class='ocrx_word' id='word_1_210' title='bbox 633 2702 835 2757; x_wconf 88' lang='lat' dir='ltr'>trecentorum</span> <span class='ocrx_word' id='word_1_211' title='bbox 856 2691 1017 2754; x_wconf 86' lang='lat' dir='ltr'>intervallo</span> <span class='ocrx_word' id='word_1_212' title='bbox 1037 2690 1099 2755; x_wconf 75' lang='lat' dir='ltr'>du·</span> 
     </span>
     <span class='ocr_line' id='line_1_29' title="bbox 75 2776 1098 2860; baseline 0 -21"><span class='ocrx_word' id='word_1_213' title='bbox 75 2777 166 2839; x_wconf 92' lang='lat' dir='ltr'>minis</span> <span class='ocrx_word' id='word_1_214' title='bbox 194 2778 316 2840; x_wconf 85' lang='lat' dir='ltr'>circuitu</span> <span class='ocrx_word' id='word_1_215' title='bbox 342 2780 482 2842; x_wconf 87' lang='lat' dir='ltr'>vacabat.</span> <span class='ocrx_word' id='word_1_216' title='bbox 526 2781 593 2842; x_wconf 89' lang='lat' dir='ltr'>Hoc</span> <span class='ocrx_word' id='word_1_217' title='bbox 618 2781 703 2842; x_wconf 82' lang='lat' dir='ltr'>fonte</span> <span class='ocrx_word' id='word_1_218' title='bbox 724 2780 875 2860; x_wconf 85' lang='lat' dir='ltr'>prohiberi</span> <span class='ocrx_word' id='word_1_219' title='bbox 896 2797 995 2858; x_wconf 87' lang='lat' dir='ltr'>posse.</span> <span class='ocrx_word' id='word_1_220' title='bbox 1010 2776 1098 2858; x_wconf 85' lang='lat' dir='ltr'>oppi-</span> 
     </span>
     <span class='ocr_line' id='line_1_30' title="bbox 76 2863 1097 2945; baseline 0.001 -21"><span class='ocrx_word' id='word_1_221' title='bbox 76 2865 173 2925; x_wconf 90' lang='lat' dir='ltr'>danos</span> <span class='ocrx_word' id='word_1_222' title='bbox 206 2882 273 2925; x_wconf 92' lang='lat' dir='ltr'>cnm</span> <span class='ocrx_word' id='word_1_223' title='bbox 300 2873 440 2943; x_wconf 87' lang='lat' dir='ltr'>optarent</span> <span class='ocrx_word' id='word_1_224' title='bbox 460 2865 582 2945; x_wconf 89' lang='lat' dir='ltr'>reliqui,</span> <span class='ocrx_word' id='word_1_225' title='bbox 615 2866 730 2928; x_wconf 82' lang='lat' dir='ltr'>Caesar</span> <span class='ocrx_word' id='word_1_226' title='bbox 751 2884 827 2927; x_wconf 90' lang='lat' dir='ltr'>unus</span> <span class='ocrx_word' id='word_1_227' title='bbox 850 2863 980 2938; x_wconf 88' lang='lat' dir='ltr'>videret,</span> <span class='ocrx_word' id='word_1_228' title='bbox 1008 2883 1097 2927; x_wconf 91' lang='lat' dir='ltr'>ere-</span> 
     </span>
     <span class='ocr_line' id='line_1_31' title="bbox 77 2948 1141 3030; baseline 0 -21"><span class='ocrx_word' id='word_1_229' title='bbox 77 2949 165 3030; x_wconf 91' lang='lat' dir='ltr'>gione</span> <span class='ocrx_word' id='word_1_230' title='bbox 188 2948 252 3010; x_wconf 88' lang='lat' dir='ltr'>eius</span> <span class='ocrx_word' id='word_1_231' title='bbox 274 2948 380 3011; x_wconf 72' lang='lat' dir='ltr'>vinem</span> <span class='ocrx_word' id='word_1_232' title='bbox 402 2969 491 3030; x_wconf 88' lang='lat' dir='ltr'>agero</span> <span class='ocrx_word' id='word_1_233' title='bbox 512 2952 658 3014; x_wconf 83' lang='lat' dir='ltr'>adversus</span> <span class='ocrx_word' id='word_1_234' title='bbox 680 2959 815 3013; x_wconf 91' lang='lat' dir='ltr'>montem</span> <span class='ocrx_word' id='word_1_235' title='bbox 837 2959 868 3012; x_wconf 90' lang='lat' dir='ltr'>et</span> <span class='ocrx_word' id='word_1_236' title='bbox 889 2968 1027 3030; x_wconf 84' lang='lat' dir='ltr'>aggerem</span> <span class='ocrx_word' id='word_1_237' title='bbox 1048 2949 1098 3011; x_wconf 92' lang='lat' dir='ltr'>in·</span> <span class='ocrx_word' id='word_1_238' title='bbox 1111 2970 1141 3008; x_wconf 81' lang='lat' dir='ltr'>ao</span> 
     </span>
     <span class='ocr_line' id='line_1_32' title="bbox 20 3034 1098 3116; baseline -0.003 -18"><span class='ocrx_word' id='word_1_239' title='bbox 20 3094 23 3098; x_wconf 84' lang='lat'>.</span> <span class='ocrx_word' id='word_1_240' title='bbox 77 3043 195 3097; x_wconf 88' lang='lat' dir='ltr'>struere</span> <span class='ocrx_word' id='word_1_241' title='bbox 217 3034 316 3115; x_wconf 89' lang='lat' dir='ltr'>coepit</span> <span class='ocrx_word' id='word_1_242' title='bbox 336 3054 445 3116; x_wconf 89' lang='lat' dir='ltr'>magno</span> <span class='ocrx_word' id='word_1_243' title='bbox 467 3055 533 3097; x_wconf 88' lang='lat' dir='ltr'>cnm</span> <span class='ocrx_word' id='word_1_244' title='bbox 558 3037 663 3099; x_wconf 89' lang='lat' dir='ltr'>labore</span> <span class='ocrx_word' id='word_1_245' title='bbox 685 3045 716 3098; x_wconf 90' lang='lat' dir='ltr'>et</span> <span class='ocrx_word' id='word_1_246' title='bbox 737 3036 878 3098; x_wconf 88' lang='lat' dir='ltr'>continua</span> <span class='ocrx_word' id='word_1_247' title='bbox 900 3034 1098 3096; x_wconf 76' lang='lat' dir='ltr'>dimicatione</span> 
     </span>
     <span class='ocr_line' id='line_1_33' title="bbox 78 3120 1099 3202; baseline -0.003 -18"><span class='ocrx_word' id='word_1_248' title='bbox 78 3120 232 3202; x_wconf 86' lang='lat' dir='ltr'>Oppidani</span> <span class='ocrx_word' id='word_1_249' title='bbox 265 3120 344 3182; x_wconf 90' lang='lat' dir='ltr'>enim</span> <span class='ocrx_word' id='word_1_250' title='bbox 377 3121 442 3183; x_wconf 92' lang='lat' dir='ltr'>loco</span> <span class='ocrx_word' id='word_1_251' title='bbox 470 3121 621 3201; x_wconf 88' lang='lat' dir='ltr'>superiore</span> <span class='ocrx_word' id='word_1_252' title='bbox 648 3123 809 3184; x_wconf 87' lang='lat' dir='ltr'>decurrunt</span> <span class='ocrx_word' id='word_1_253' title='bbox 837 3129 869 3182; x_wconf 89' lang='lat' dir='ltr'>et</span> <span class='ocrx_word' id='word_1_254' title='bbox 896 3120 1012 3182; x_wconf 89' lang='lat' dir='ltr'>eminus</span> <span class='ocrx_word' id='word_1_255' title='bbox 1034 3120 1099 3181; x_wconf 85' lang='lat' dir='ltr'>sine</span> 
     </span>
     <span class='ocr_line' id='line_1_34' title="bbox 77 3206 1099 3289; baseline -0.003 -19"><span class='ocrx_word' id='word_1_256' title='bbox 77 3207 210 3289; x_wconf 90' lang='lat' dir='ltr'>periculo</span> <span class='ocrx_word' id='word_1_257' title='bbox 230 3207 417 3288; x_wconf 84' lang='lat' dir='ltr'>proeliantur</span> <span class='ocrx_word' id='word_1_258' title='bbox 431 3207 601 3288; x_wconf 90' lang='lat' dir='ltr'>multosque</span> <span class='ocrx_word' id='word_1_259' title='bbox 615 3207 807 3288; x_wconf 86' lang='lat' dir='ltr'>pertinaciter</span> <span class='ocrx_word' id='word_1_260' title='bbox 821 3209 1013 3269; x_wconf 86' lang='lat' dir='ltr'>succedentes</span> <span class='ocrx_word' id='word_1_261' title='bbox 1028 3206 1099 3268; x_wconf 88' lang='lat' dir='ltr'>vnl-</span> 
     </span>
     <span class='ocr_line' id='line_1_35' title="bbox 77 3292 1100 3373; baseline -0.003 -16"><span class='ocrx_word' id='word_1_262' title='bbox 77 3302 203 3369; x_wconf 85' lang='lat' dir='ltr'>nerant3</span> <span class='ocrx_word' id='word_1_263' title='bbox 233 3313 293 3356; x_wconf 93' lang='lat' dir='ltr'>non</span> <span class='ocrx_word' id='word_1_264' title='bbox 316 3296 505 3356; x_wconf 87' lang='lat' dir='ltr'>deterrentur</span> <span class='ocrx_word' id='word_1_265' title='bbox 525 3302 628 3355; x_wconf 90' lang='lat' dir='ltr'>tamen</span> <span class='ocrx_word' id='word_1_266' title='bbox 650 3293 760 3355; x_wconf 89' lang='lat' dir='ltr'>milites</span> <span class='ocrx_word' id='word_1_267' title='bbox 782 3293 880 3355; x_wconf 91' lang='lat' dir='ltr'>nostri</span> <span class='ocrx_word' id='word_1_268' title='bbox 900 3292 1005 3355; x_wconf 86' lang='lat' dir='ltr'>vineas</span> <span class='ocrx_word' id='word_1_269' title='bbox 1027 3311 1100 3373; x_wconf 90' lang='lat' dir='ltr'>pro-</span> 
     </span>
     <span class='ocr_line' id='line_1_36' title="bbox 77 3376 1141 3462; baseline -0.005 -19"><span class='ocrx_word' id='word_1_270' title='bbox 77 3382 157 3443; x_wconf 84' lang='lat' dir='ltr'>lerre</span> <span class='ocrx_word' id='word_1_271' title='bbox 180 3389 212 3443; x_wconf 91' lang='lat' dir='ltr'>et</span> <span class='ocrx_word' id='word_1_272' title='bbox 233 3380 337 3443; x_wconf 89' lang='lat' dir='ltr'>labore</span> <span class='ocrx_word' id='word_1_273' title='bbox 359 3388 451 3462; x_wconf 88' lang='lat' dir='ltr'>atque</span> <span class='ocrx_word' id='word_1_274' title='bbox 466 3380 605 3460; x_wconf 90' lang='lat' dir='ltr'>operibus</span> <span class='ocrx_word' id='word_1_275' title='bbox 620 3380 750 3442; x_wconf 92' lang='lat' dir='ltr'>locorum</span> <span class='ocrx_word' id='word_1_276' title='bbox 764 3379 883 3441; x_wconf 86' lang='lat' dir='ltr'>vincere</span> <span class='ocrx_word' id='word_1_277' title='bbox 898 3376 1099 3453; x_wconf 79' lang='lat' dir='ltr'>difficultates.</span> <span class='ocrx_word' id='word_1_278' title='bbox 1113 3400 1141 3438; x_wconf 75' lang='lat' dir='ltr'>aa</span> 
     </span>
     <span class='ocr_line' id='line_1_37' title="bbox 79 3460 1100 3548; baseline -0.004 -19"><span class='ocrx_word' id='word_1_279' title='bbox 79 3468 194 3529; x_wconf 84' lang='lat' dir='ltr'>Eodem</span> <span class='ocrx_word' id='word_1_280' title='bbox 221 3478 357 3548; x_wconf 90' lang='lat' dir='ltr'>tempore</span> <span class='ocrx_word' id='word_1_281' title='bbox 385 3466 535 3529; x_wconf 92' lang='lat' dir='ltr'>cuniculos</span> <span class='ocrx_word' id='word_1_282' title='bbox 562 3475 658 3529; x_wconf 90' lang='lat' dir='ltr'>tectos</span> <span class='ocrx_word' id='word_1_283' title='bbox 687 3467 726 3527; x_wconf 91' lang='lat' dir='ltr'>ab</span> <span class='ocrx_word' id='word_1_284' title='bbox 751 3466 849 3527; x_wconf 86' lang='lat' dir='ltr'>vineis</span> <span class='ocrx_word' id='word_1_285' title='bbox 871 3473 965 3545; x_wconf 91' lang='lat' dir='ltr'>agunt</span> <span class='ocrx_word' id='word_1_286' title='bbox 986 3460 1026 3527; x_wconf 86' lang='lat' dir='ltr'>a&#39;d</span> <span class='ocrx_word' id='word_1_287' title='bbox 1048 3483 1100 3525; x_wconf 91' lang='lat' dir='ltr'>ca-</span> 
     </span>
    </p>
   </div>
   <div class='ocr_carea' id='block_1_3' title="bbox 79 3551 1150 4066">
    <p class='ocr_par' dir='ltr' id='par_1_4' title="bbox 79 3551 1150 4066">
     <span class='ocr_line' id='line_1_38' title="bbox 79 3551 1101 3636; baseline -0.003 -21"><span class='ocrx_word' id='word_1_288' title='bbox 79 3561 135 3633; x_wconf 92' lang='lat' dir='ltr'>pnt</span> <span class='ocrx_word' id='word_1_289' title='bbox 166 3553 275 3628; x_wconf 80' lang='lat' dir='ltr'>lontis3</span> <span class='ocrx_word' id='word_1_290' title='bbox 309 3554 389 3634; x_wconf 89' lang='lat' dir='ltr'>qnod</span> <span class='ocrx_word' id='word_1_291' title='bbox 422 3572 514 3636; x_wconf 91' lang='lat' dir='ltr'>genus</span> <span class='ocrx_word' id='word_1_292' title='bbox 548 3554 646 3634; x_wconf 90' lang='lat' dir='ltr'>operis</span> <span class='ocrx_word' id='word_1_293' title='bbox 674 3552 739 3615; x_wconf 88' lang='lat' dir='ltr'>sine</span> <span class='ocrx_word' id='word_1_294' title='bbox 766 3551 827 3614; x_wconf 91' lang='lat' dir='ltr'>ullo</span> <span class='ocrx_word' id='word_1_295' title='bbox 855 3551 1002 3632; x_wconf 88' lang='lat' dir='ltr'>periculo,</span> <span class='ocrx_word' id='word_1_296' title='bbox 1036 3551 1101 3612; x_wconf 85' lang='lat' dir='ltr'>sinc</span> 
     </span>
     <span class='ocr_line' id='line_1_39' title="bbox 80 3637 1101 3720; baseline -0.002 -19"><span class='ocrx_word' id='word_1_297' title='bbox 80 3639 251 3720; x_wconf 88' lang='lat' dir='ltr'>suspicione</span> <span class='ocrx_word' id='word_1_298' title='bbox 282 3640 415 3702; x_wconf 85' lang='lat' dir='ltr'>hostium</span> <span class='ocrx_word' id='word_1_299' title='bbox 447 3642 544 3703; x_wconf 84' lang='lat' dir='ltr'>lacere</span> <span class='ocrx_word' id='word_1_300' title='bbox 576 3640 696 3701; x_wconf 89' lang='lat' dir='ltr'>licebat.</span> <span class='ocrx_word' id='word_1_301' title='bbox 750 3638 926 3701; x_wconf 81' lang='lat' dir='ltr'>Exstruitur</span> <span class='ocrx_word' id='word_1_302' title='bbox 953 3657 1043 3719; x_wconf 86' lang='lat' dir='ltr'>agger</span> <span class='ocrx_word' id='word_1_303' title='bbox 1068 3637 1101 3700; x_wconf 90' lang='lat' dir='ltr'>in</span> 
     </span>
     <span class='ocr_line' id='line_1_40' title="bbox 81 3723 1150 3807; baseline -0.002 -19"><span class='ocrx_word' id='word_1_304' title='bbox 81 3726 272 3788; x_wconf 88' lang='lat' dir='ltr'>altitudinem</span> <span class='ocrx_word' id='word_1_305' title='bbox 298 3728 393 3807; x_wconf 90' lang='lat' dir='ltr'>pedes</span> <span class='ocrx_word' id='word_1_306' title='bbox 415 3742 481 3800; x_wconf 78' lang='lat' dir='ltr'>nx,</span> <span class='ocrx_word' id='word_1_307' title='bbox 510 3727 683 3788; x_wconf 90' lang='lat' dir='ltr'>conlocatur</span> <span class='ocrx_word' id='word_1_308' title='bbox 703 3725 736 3787; x_wconf 92' lang='lat' dir='ltr'>in</span> <span class='ocrx_word' id='word_1_309' title='bbox 758 3744 793 3787; x_wconf 93' lang='lat' dir='ltr'>eo</span> <span class='ocrx_word' id='word_1_310' title='bbox 815 3725 907 3788; x_wconf 89' lang='lat' dir='ltr'>turris</span> <span class='ocrx_word' id='word_1_311' title='bbox 929 3739 957 3786; x_wconf 88' lang='lat' dir='ltr'><strong>x</strong></span> <span class='ocrx_word' id='word_1_312' title='bbox 977 3723 1100 3786; x_wconf 66' lang='lat' dir='ltr'>tabulae</span> <span class='ocrx_word' id='word_1_313' title='bbox 1140 3752 1150 3775; x_wconf 65' lang='grc'>.-</span> 
     </span>
     <span class='ocr_line' id='line_1_41' title="bbox 80 3802 1143 3894; baseline -0.001 -21"><span class='ocrx_word' id='word_1_314' title='bbox 80 3821 196 3887; x_wconf 91' lang='lat' dir='ltr'>torum,</span> <span class='ocrx_word' id='word_1_315' title='bbox 220 3831 280 3873; x_wconf 91' lang='lat' dir='ltr'>non</span> <span class='ocrx_word' id='word_1_316' title='bbox 303 3813 423 3893; x_wconf 89' lang='lat' dir='ltr'>quidem</span> <span class='ocrx_word' id='word_1_317' title='bbox 446 3832 523 3894; x_wconf 92' lang='lat' dir='ltr'>quae</span> <span class='ocrx_word' id='word_1_318' title='bbox 538 3813 692 3876; x_wconf 90' lang='lat' dir='ltr'>moenibus</span> <span class='ocrx_word' id='word_1_319' title='bbox 708 3820 867 3892; x_wconf 87' lang='lat' dir='ltr'>aequaret,</span> <span class='ocrx_word' id='word_1_320' title='bbox 890 3811 922 3875; x_wconf 94' lang='lat' dir='ltr'>id</span> <span class='ocrx_word' id='word_1_321' title='bbox 936 3812 1016 3872; x_wconf 90' lang='lat' dir='ltr'>enim</span> <span class='ocrx_word' id='word_1_322' title='bbox 1030 3802 1099 3873; x_wconf 91' lang='lat' dir='ltr'>nul·</span> <span class='ocrx_word' id='word_1_323' title='bbox 1114 3832 1143 3872; x_wconf 75' lang='lat' dir='ltr'>ro</span> 
     </span>
     <span class='ocr_line' id='line_1_42' title="bbox 80 3896 1101 3981; baseline 0 -22"><span class='ocrx_word' id='word_1_324' title='bbox 80 3898 119 3960; x_wconf 89' lang='lat' dir='ltr'>lis</span> <span class='ocrx_word' id='word_1_325' title='bbox 143 3898 281 3979; x_wconf 86' lang='lat' dir='ltr'>operibus</span> <span class='ocrx_word' id='word_1_326' title='bbox 304 3900 379 3962; x_wconf 85' lang='lat' dir='ltr'>ellici</span> <span class='ocrx_word' id='word_1_327' title='bbox 400 3908 535 3981; x_wconf 88' lang='lat' dir='ltr'>poterat,</span> <span class='ocrx_word' id='word_1_328' title='bbox 559 3901 613 3961; x_wconf 89' lang='lat' dir='ltr'>sed</span> <span class='ocrx_word' id='word_1_329' title='bbox 635 3918 712 3981; x_wconf 89' lang='lat' dir='ltr'>quae</span> <span class='ocrx_word' id='word_1_330' title='bbox 733 3917 877 3980; x_wconf 86' lang='lat' dir='ltr'>superare</span> <span class='ocrx_word' id='word_1_331' title='bbox 897 3897 989 3959; x_wconf 78' lang='lat' dir='ltr'>tontis</span> <span class='ocrx_word' id='word_1_332' title='bbox 1010 3896 1101 3960; x_wconf 89' lang='lat' dir='ltr'>fasti·</span> 
     </span>
     <span class='ocr_line' id='line_1_43' title="bbox 80 3984 1101 4066; baseline 0 -20"><span class='ocrx_word' id='word_1_333' title='bbox 80 3984 163 4066; x_wconf 83' lang='lat' dir='ltr'>ginm</span> <span class='ocrx_word' id='word_1_334' title='bbox 193 3994 306 4064; x_wconf 85' lang='lat' dir='ltr'>posset</span> <span class='ocrx_word' id='word_1_335' title='bbox 349 3985 399 4048; x_wconf 82' lang='lat' dir='ltr'>Ex</span> <span class='ocrx_word' id='word_1_336' title='bbox 431 4004 467 4048; x_wconf 90' lang='lat' dir='ltr'>ea</span> <span class='ocrx_word' id='word_1_337' title='bbox 498 4005 563 4048; x_wconf 88' lang='lat' dir='ltr'>cum</span> <span class='ocrx_word' id='word_1_338' title='bbox 596 3985 658 4048; x_wconf 88' lang='lat' dir='ltr'>tela</span> <span class='ocrx_word' id='word_1_339' title='bbox 684 3985 841 4048; x_wconf 90' lang='lat' dir='ltr'>tormentis</span> <span class='ocrx_word' id='word_1_340' title='bbox 867 3985 1036 4048; x_wconf 86' lang='lat' dir='ltr'>iacerentur</span> <span class='ocrx_word' id='word_1_341' title='bbox 1061 3984 1101 4046; x_wconf 84' lang='lat' dir='ltr'>ad</span> 
     </span>
    </p>
   </div>
   <div class='ocr_carea' id='block_1_4' title="bbox 0 0 1319 4492">
    <p class='ocr_par' dir='ltr' id='par_1_5' title="bbox 0 0 1319 4492">
     <span class='ocr_line' id='line_1_44' title="bbox 0 0 1319 4492; baseline 0 0"><span class='ocrx_word' id='word_1_342' title='bbox 0 0 1319 4492; x_wconf 95' lang='lat' dir='ltr'> </span> 
     </span>
    </p>
   </div>
  </div>
 </body>
</html>
