2616 4492
204 263 248 329 to
533 276 582 325 111
604 276 722 325 annuo
745 275 901 327 caturco

206 418 298 483 1111111
319 417 360 479 ad
382 435 435 479 aas
457 415 597 479 civitates
618 416 725 498 legati,
752 427 922 497 quaesunt
943 415 1089 481 citerioris
1110 416 1230 498 Hispa·-

206 504 275 569 niae
296 503 442 567 finitimae
463 501 662 583 Aquitaniae:
685 503 756 566 inda
777 505 892 567 auxilia
908 506 1056 585 dacosque
1068 522 1231 565 arcessun-

206 600 265 654 tur.
310 587 446 660 Quomm
474 591 608 651 adventu
636 609 747 670 magna
773 610 840 653 cum
861 591 1043 654 auctoritate
1066 597 1098 651 et
1119 609 1232 670 magna

208 695 274 741 cum
296 675 449 741 hominum
471 674 662 738 multitudine
683 676 795 739 bellum
818 696 919 758 gerere
939 685 1095 739 conantur.
1128 677 1231 739 Duces

179 781 281 827 avaro
302 762 325 825 ii
345 761 526 842 deliguntur,
554 763 604 842 qui
627 781 688 824 nna
709 782 776 825 cum
790 761 836 832 Q.
853 762 986 825 Sertorio
1009 781 1113 825 omnes
1133 781 1230 824 annos

207 852 328 913 fuerant
349 868 555 929 summamque
577 848 735 911 scientiam
757 849 802 912 rei
823 850 963 911 militaris
985 850 1099 911 habere
1121 848 1230 910 existi-

208 937 379 999 mabantur.
427 935 469 996 Hi
496 935 711 997 consuetudine
739 934 841 1016 populi
863 935 995 997 Romani
1017 935 1085 996 loca
1106 953 1229 1014 capara,

209 1031 313 1085 111111
343 1019 476 1094 munire,
509 1021 724 1083 commeatibus
756 1031 878 1084 nostros
911 1021 1108 1084 intercludere
1140 1020 1231 1083 insti-

209 1116 307 1171 tuunt.
352 1103 442 1176 Quod
463 1106 515 1168 ubi
536 1106 665 1170 Crassus
680 1107 909 1181 animadvertit,
933 1127 1005 1170 suas
1021 1107 1122 1188 copias
1136 1126 1232 1188 prop-

168 1203 258 1261 11111
289 1193 482 1274 exiguitatem
514 1213 575 1254 non
601 1193 688 1255 111111
714 1194 828 1269 diduci,
861 1194 981 1256 hostem
1009 1203 1041 1256 ct
1065 1193 1172 1274 vagari
1201 1202 1234 1255 et

211 1280 278 1343 vias
301 1279 438 1341 obsidere
460 1288 490 1341 et
509 1279 619 1341 castris
642 1280 717 1342 satis
739 1280 884 1360 praesidii
903 1281 1086 1360 relinquere,
1110 1280 1148 1341 ob
1164 1298 1232 1341 eam

210 1385 335 1430 causam
367 1365 466 1428 minus
500 1367 653 1428 commode
680 1368 860 1430 frumentum
887 1375 1145 1446 commeatumque
1172 1366 1233 1428 sibi

210 1452 400 1533 supportari,
433 1452 466 1513 in
492 1453 557 1514 dies
578 1452 712 1515 hostium
735 1471 889 1515 uumemm
911 1453 1027 1534 augeri,
1056 1471 1117 1514 non
1140 1471 1233 1514 cunc·

211 1540 337 1603 tandum
365 1539 565 1612 existimavit,
599 1538 670 1620 quin
697 1559 798 1619 pugna
823 1541 1000 1602 decertaret
1049 1540 1117 1601 Hac
1137 1558 1170 1600 re
1192 1539 1234 1600 ad

169 1650 196 1690 rs
212 1625 370 1689 consilium
392 1625 494 1687 delata
513 1625 567 1687 ubi
589 1645 693 1687 omnes
714 1626 794 1687 idem
815 1626 926 1688 sentire
940 1625 1103 1698 intellexit,
1125 1632 1234 1706 poste-

169 1727 279 1777 1411111
300 1712 380 1773 diem
401 1731 519 1792 pugnae
541 1712 705 1775 constituit
746 1712 853 1774 Prima
874 1712 939 1774 luce
959 1711 1115 1793 productis
1130 1710 1232 1772 omni-

211 1799 268 1861 bus
290 1797 383 1878 copiis
405 1798 517 1877 duplici
538 1799 601 1861 acie
621 1798 777 1873 instituta,
800 1798 920 1860 auxiliis
942 1799 973 1860 in
993 1797 1123 1860 mediam
1137 1796 1234 1858 aciem

211 1884 369 1958 coniectis,
393 1884 464 1964 qnid
484 1885 588 1947 hostes
611 1885 727 1947 consilii
749 1895 905 1964 caperent,
929 1885 1135 1964 exspectabat
1171 1883 1233 1958 Illi,

213 1971 273 2034 etsi
299 1980 423 2051 propter
449 1971 671 2033 multitudinem
698 1980 730 2033 11
754 1981 889 2033 veterem
910 1971 983 2033 belli
1005 1971 1130 2050 gloriam
1150 1989 1233 2049 pau·
1291 1990 1295 1997 ·

169 2056 392 2136 woitatemque
425 2065 596 2118 nostrorum
612 2096 615 2103 ·
629 2077 662 2118 se
690 2065 756 2120 tuto
785 2057 977 2120 dimicaturos
1000 2055 1234 2130 existimabant,

213 2151 316 2205 tamen
348 2142 442 2203 tutius
476 2162 542 2205 esse
575 2143 803 2205 arbitrabantur
830 2143 962 2205 obsessis
984 2143 1042 2204 viis
1064 2151 1235 2204 commeatu

213 2227 377 2291 intercluso
405 2227 471 2290 sine
493 2228 554 2290 ullo
577 2229 701 2292 vulnere
722 2229 849 2292 victoria
869 2230 963 2309 potiri·
981 2238 1027 2302 et,
1061 2229 1088 2291 si
1109 2237 1236 2308 propter

213 2313 347 2394 inopiam
368 2313 413 2376 rei
434 2315 645 2377 frumentariae
666 2316 797 2378 Romani
819 2336 886 2378 sese
906 2315 1038 2395 recipere
1053 2315 1234 2395 coepissent,

213 2400 374 2489 impeditos
396 2400 428 2462 in
450 2401 569 2482 agmine
591 2411 622 2464 et
643 2403 699 2464 sub
721 2403 847 2465 sarcinis
861 2402 1025 2464 infirmiore
1039 2402 1139 2463 auimo
1154 2403 1234 2463 ado-

170 2521 200 2561 11
215 2487 269 2551 riri
290 2487 472 2567 cogitabant.
515 2488 582 2549 Hoc
604 2488 726 2551 consilio
748 2491 876 2568 probato
899 2489 938 2549 ab
961 2488 1087 2550 ducibus
1101 2489 1234 2567 produc-

214 2573 256 2637 tis
277 2573 482 2635 Romanorum
505 2574 598 2654 copiis
620 2594 687 2636 sese
709 2575 817 2637 castris
840 2576 994 2637 tenebant.
1030 2575 1099 2636 Hac
1113 2593 1146 2636 11
1160 2592 1235 2654 per·

214 2668 318 2740 specta
345 2659 489 2734 Crassus,
519 2680 585 2722 cnm
613 2681 670 2723 sua
697 2661 884 2724 cunctatione
912 2670 1002 2742 atque
1029 2660 1169 2740 opinione
1190 2661 1235 2721 ti-

214 2746 307 2809 moris
328 2746 432 2809 hostes
456 2755 575 2808 nostros
598 2746 709 2809 milites
732 2748 893 2811 alacriores
916 2749 956 2808 ad
977 2748 1170 2828 pugnandum
1185 2747 1234 2808 ei-

214 2832 370 2905 fecissent,
393 2841 484 2912 atque
506 2832 638 2896 omnium
659 2853 748 2896 voces
771 2834 954 2909 audirentur,
978 2833 1147 2913 exspectari
1163 2833 1233 2895 diu-

171 2953 201 2992 10
214 2918 276 2981 tins
298 2936 359 2980 nou
381 2928 534 2998 oportere,
558 2920 629 3001 quin
651 2921 690 2983 ad
713 2930 815 2982 castra
836 2921 938 2996 iretur,
962 2920 1139 2982 cohortatus
1161 2938 1234 2981 suos

172 3004 353 3071 2111111111
375 3005 561 3085 cupientibus
584 3008 624 3069 ad
644 3006 776 3069 hostium
798 3015 899 3069 castra
913 3005 1075 3069 contendit
1102 3005 1151 3085 Ibi
1165 3024 1235 3067 cum

214 3091 267 3153 alii
298 3093 397 3153 fossas
431 3094 629 3171 complerent,
664 3093 715 3155 alii
743 3094 845 3155 multis
872 3094 942 3155 telis
965 3091 1105 3154 coniectis
1128 3092 1234 3154 deien-

214 3197 298 3240 sores
337 3177 418 3239 vallo
452 3179 726 3260 munitionibusque
759 3180 958 3259 depellerent,
996 3178 1233 3258 auxiliaresque,

215 3264 322 3345 quibus
350 3265 390 3324 ad
410 3284 541 3345 pugnam
563 3285 623 3327 non
644 3266 770 3328 multum
793 3266 921 3328 Crassus
944 3265 1129 3339 confidebat,-
1151 3263 1234 3344 lapi-

169 3375 199 3415 11
214 3350 301 3414 dibus
330 3350 458 3431 telisque
485 3352 750 3432 subministrandis
778 3361 809 3413 11
829 3353 869 3414 ad
890 3371 1027 3432 aggerem
1050 3350 1234 3431 caespitibus

215 3437 436 3517 comportandis
463 3438 592 3517 speciem
618 3448 709 3518 atque
732 3438 901 3519 opinionem
922 3436 1120 3519 pugnantium
1141 3456 1233 3518 prae-

212 3522 333 3598 berent,
367 3542 433 3587 cum
460 3523 533 3586 item
560 3526 600 3586 ab
626 3524 763 3586 hostibus
792 3532 966 3587 constanter
981 3532 1024 3586 ,a'c
1044 3543 1106 3585 non
1127 3522 1233 3585 timide

212 3618 395 3689 pugnaretur
427 3609 546 3690 telaque
574 3630 612 3672 ex
638 3610 703 3671 loco
732 3611 882 3690 superiore
909 3604 1004 3673 missa
1030 3629 1092 3672 non
1118 3611 1234 3672 trustra

213 3695 395 3768 acciderent,
429 3697 544 3776 equites
571 3697 733 3759 circumitis
760 3697 893 3759 hostium
915 3697 1023 3759 castris
1046 3696 1158 3758 Crasso
1180 3715 1233 3758 11-

167 3805 198 3845 so
212 3781 424 3843 nuntiaverunt
446 3802 505 3844 non
528 3784 632 3844 eadem
656 3803 722 3845 esse
737 3783 891 3864 diligentia
906 3786 944 3846 ab
960 3786 1127 3846 decumana
1140 3790 1234 3863 porta

170 3871 314 3928 26castra
347 3869 462 3930 munita
492 3869 667 3949 facilemque
689 3869 802 3932 aditum
823 3870 944 3934 habere.
988 3871 1120 3939 Crassus
1142 3868 1231 3949 aqui-

212 3960 276 4014 tum
303 3955 471 4032 praefectos
499 3956 689 4032 cohortatus,
716 3966 752 4018 ut
772 3957 889 4038 magnis
912 3955 1054 4039 praemiis
1075 3955 1232 4036 pollicita·
