<?xml version="1.0" encoding="UTF-8"?>
<!DOCTYPE html PUBLIC "-//W3C//DTD XHTML 1.0 Transitional//EN"
    "http://www.w3.org/TR/xhtml1/DTD/xhtml1-transitional.dtd">
<html xmlns="http://www.w3.org/1999/xhtml" xml:lang="en" lang="en">
 <head>
  <title>
</title>
<meta http-equiv="Content-Type" content="text/html;charset=utf-8" />
  <meta name='ocr-system' content='tesseract 3.04.00' />
  <meta name='ocr-capabilities' content='ocr_page ocr_carea ocr_par ocr_line ocrx_word'/>
</head>
<body>
  <div class='ocr_page' id='page_1' title='image "./debellogallicol00friggoog_0026.png"; bbox 0 0 2616 4492; ppageno 0'>
   <div class='ocr_carea' id='block_1_1' title="bbox 488 283 1152 350">
    <p class='ocr_par' dir='ltr' id='par_1_1' title="bbox 488 283 1152 350">
     <span class='ocr_line' id='line_1_1' title="bbox 488 283 1152 350; baseline 0 -1"><span class='ocrx_word' id='word_1_1' title='bbox 488 303 558 349; x_wconf 83' lang='lat' dir='ltr'>uun.</span> <span class='ocrx_word' id='word_1_2' title='bbox 574 300 597 348; x_wconf 90' lang='lat'>1.</span> <span class='ocrx_word' id='word_1_3' title='bbox 620 301 696 350; x_wconf 71' lang='lat' dir='ltr'>cau.</span> <span class='ocrx_word' id='word_1_4' title='bbox 711 283 806 349; x_wconf 79' lang='lat' dir='ltr'>a-t.</span> <span class='ocrx_word' id='word_1_5' title='bbox 1131 287 1152 349; x_wconf 85' lang='grc'>3</span> 
     </span>
    </p>
   </div>
   <div class='ocr_carea' id='block_1_2' title="bbox 129 436 1202 4050">
    <p class='ocr_par' dir='ltr' id='par_1_2' title="bbox 129 436 1151 674">
     <span class='ocr_line' id='line_1_2' title="bbox 129 436 1151 522; baseline 0.001 -21"><span class='ocrx_word' id='word_1_6' title='bbox 129 459 168 501; x_wconf 92' lang='lat' dir='ltr'>ex</span> <span class='ocrx_word' id='word_1_7' title='bbox 200 436 279 519; x_wconf 87' lang='lat' dir='ltr'>agris</span> <span class='ocrx_word' id='word_1_8' title='bbox 311 436 506 519; x_wconf 74' lang='lat' dir='ltr'><strong>magistratus</strong></span> <span class='ocrx_word' id='word_1_9' title='bbox 538 447 693 520; x_wconf 88' lang='lat' dir='ltr'>cogerent,</span> <span class='ocrx_word' id='word_1_10' title='bbox 732 437 893 522; x_wconf 84' lang='lat' dir='ltr'>Orgetorix</span> <span class='ocrx_word' id='word_1_11' title='bbox 925 443 1062 499; x_wconf 86' lang='lat' dir='ltr'>mortuus</span> <span class='ocrx_word' id='word_1_12' title='bbox 1088 445 1151 514; x_wconf 81' lang='lat' dir='ltr'>est3</span> 
     </span>
     <span class='ocr_line' id='line_1_3' title="bbox 131 523 1151 606; baseline 0.002 -20"><span class='ocrx_word' id='word_1_13' title='bbox 131 543 229 605; x_wconf 89' lang='lat' dir='ltr'>neque</span> <span class='ocrx_word' id='word_1_14' title='bbox 250 525 339 586; x_wconf 92' lang='lat' dir='ltr'>abest</span> <span class='ocrx_word' id='word_1_15' title='bbox 360 525 507 604; x_wconf 90' lang='lat' dir='ltr'>suspicio,</span> <span class='ocrx_word' id='word_1_16' title='bbox 540 533 576 588; x_wconf 90' lang='lat' dir='ltr'>nt</span> <span class='ocrx_word' id='word_1_17' title='bbox 600 525 735 589; x_wconf 90' lang='lat' dir='ltr'>Helvetii</span> <span class='ocrx_word' id='word_1_18' title='bbox 762 526 959 599; x_wconf 79' lang='lat' dir='ltr'>arbitrantur,</span> <span class='ocrx_word' id='word_1_19' title='bbox 991 524 1064 604; x_wconf 93' lang='lat' dir='ltr'>quin</span> <span class='ocrx_word' id='word_1_20' title='bbox 1084 523 1151 606; x_wconf 88' lang='lat' dir='ltr'>ipse</span> 
     </span>
     <span class='ocr_line' id='line_1_4' title="bbox 129 609 548 674; baseline 0.002 -2"><span class='ocrx_word' id='word_1_21' title='bbox 129 611 190 674; x_wconf 87' lang='lat' dir='ltr'>sibi</span> <span class='ocrx_word' id='word_1_22' title='bbox 211 619 338 673; x_wconf 90' lang='lat' dir='ltr'>mortem</span> <span class='ocrx_word' id='word_1_23' title='bbox 362 609 548 673; x_wconf 89' lang='lat' dir='ltr'>consciverit.</span> 
     </span>
    </p>

    <p class='ocr_par' dir='ltr' id='par_1_3' title="bbox 129 695 1197 1879">
     <span class='ocr_line' id='line_1_5' title="bbox 194 695 1176 775; baseline -0.004 -17"><span class='ocrx_word' id='word_1_24' title='bbox 194 696 271 758; x_wconf 88' lang='lat' dir='ltr'>Post</span> <span class='ocrx_word' id='word_1_25' title='bbox 293 697 355 759; x_wconf 87' lang='lat' dir='ltr'>eius</span> <span class='ocrx_word' id='word_1_26' title='bbox 377 706 503 758; x_wconf 90' lang='lat' dir='ltr'>mortem</span> <span class='ocrx_word' id='word_1_27' title='bbox 525 697 619 759; x_wconf 89' lang='lat' dir='ltr'>nihilo</span> <span class='ocrx_word' id='word_1_28' title='bbox 641 697 740 759; x_wconf 91' lang='lat' dir='ltr'>minus</span> <span class='ocrx_word' id='word_1_29' title='bbox 761 695 898 760; x_wconf 87' lang='lat' dir='ltr'>Helvetii</span> <span class='ocrx_word' id='word_1_30' title='bbox 912 695 959 769; x_wconf 92' lang='lat' dir='ltr'>id,</span> <span class='ocrx_word' id='word_1_31' title='bbox 982 695 1062 775; x_wconf 92' lang='lat' dir='ltr'>qnod</span> <span class='ocrx_word' id='word_1_32' title='bbox 1076 705 1176 757; x_wconf 82' lang='lat' dir='ltr'>oon-t</span> 
     </span>
     <span class='ocr_line' id='line_1_6' title="bbox 130 779 1179 856; baseline 0.003 -12"><span class='ocrx_word' id='word_1_33' title='bbox 130 783 310 855; x_wconf 90' lang='lat' dir='ltr'>stitueraut‚</span> <span class='ocrx_word' id='word_1_34' title='bbox 333 785 432 845; x_wconf 87' lang='lat' dir='ltr'>iacere</span> <span class='ocrx_word' id='word_1_35' title='bbox 453 792 608 856; x_wconf 84' lang='lat' dir='ltr'>conantur,</span> <span class='ocrx_word' id='word_1_36' title='bbox 631 792 667 844; x_wconf 92' lang='lat' dir='ltr'>nt</span> <span class='ocrx_word' id='word_1_37' title='bbox 688 803 705 845; x_wconf 91' lang='lat' dir='ltr'>e</span> <span class='ocrx_word' id='word_1_38' title='bbox 726 783 835 846; x_wconf 93' lang='lat' dir='ltr'>finibus</span> <span class='ocrx_word' id='word_1_39' title='bbox 858 781 920 845; x_wconf 88' lang='lat' dir='ltr'>suis</span> <span class='ocrx_word' id='word_1_40' title='bbox 941 789 1059 843; x_wconf 88' lang='lat' dir='ltr'>exeant.</span> <span class='ocrx_word' id='word_1_41' title='bbox 1091 779 1179 848; x_wconf 81' lang='lat' dir='ltr'>Ubio</span> 
     </span>
     <span class='ocr_line' id='line_1_7' title="bbox 129 867 1153 950; baseline -0.001 -19"><span class='ocrx_word' id='word_1_42' title='bbox 129 869 193 932; x_wconf 89' lang='lat' dir='ltr'>iam</span> <span class='ocrx_word' id='word_1_43' title='bbox 222 888 255 930; x_wconf 88' lang='lat' dir='ltr'>ee</span> <span class='ocrx_word' id='word_1_44' title='bbox 282 869 322 931; x_wconf 92' lang='lat' dir='ltr'>ad</span> <span class='ocrx_word' id='word_1_45' title='bbox 350 888 417 930; x_wconf 86' lang='lat' dir='ltr'>eam</span> <span class='ocrx_word' id='word_1_46' title='bbox 438 889 502 932; x_wconf 90' lang='lat' dir='ltr'>rem</span> <span class='ocrx_word' id='word_1_47' title='bbox 524 880 649 950; x_wconf 88' lang='lat' dir='ltr'>paratos</span> <span class='ocrx_word' id='word_1_48' title='bbox 672 889 740 931; x_wconf 87' lang='lat' dir='ltr'>esse</span> <span class='ocrx_word' id='word_1_49' title='bbox 761 867 904 933; x_wconf 89' lang='lat' dir='ltr'>arbitrati</span> <span class='ocrx_word' id='word_1_50' title='bbox 926 874 1011 942; x_wconf 91' lang='lat' dir='ltr'>suut,</span> <span class='ocrx_word' id='word_1_51' title='bbox 1040 867 1153 948; x_wconf 91' lang='lat' dir='ltr'>oppida</span> 
     </span>
     <span class='ocr_line' id='line_1_8' title="bbox 130 952 1153 1035; baseline -0.002 -18"><span class='ocrx_word' id='word_1_52' title='bbox 130 975 188 1018; x_wconf 85' lang='lat' dir='ltr'>sua</span> <span class='ocrx_word' id='word_1_53' title='bbox 216 955 332 1027; x_wconf 89' lang='lat' dir='ltr'>omnia,</span> <span class='ocrx_word' id='word_1_54' title='bbox 365 974 489 1017; x_wconf 92' lang='lat' dir='ltr'>numero</span> <span class='ocrx_word' id='word_1_55' title='bbox 513 957 552 1017; x_wconf 90' lang='lat' dir='ltr'>ad</span> <span class='ocrx_word' id='word_1_56' title='bbox 575 955 744 1029; x_wconf 82' lang='lat' dir='ltr'>duodecim,</span> <span class='ocrx_word' id='word_1_57' title='bbox 777 955 861 1018; x_wconf 83' lang='lat' dir='ltr'>vicos</span> <span class='ocrx_word' id='word_1_58' title='bbox 889 956 929 1017; x_wconf 90' lang='lat' dir='ltr'>ad</span> <span class='ocrx_word' id='word_1_59' title='bbox 950 952 1153 1035; x_wconf 82' lang='lat' dir='ltr'>quadringen-</span> 
     </span>
     <span class='ocr_line' id='line_1_9' title="bbox 130 1041 1151 1121; baseline 0.001 -19"><span class='ocrx_word' id='word_1_60' title='bbox 130 1050 196 1116; x_wconf 90' lang='lat' dir='ltr'>tos,</span> <span class='ocrx_word' id='word_1_61' title='bbox 220 1041 337 1121; x_wconf 89' lang='lat' dir='ltr'>reliqna</span> <span class='ocrx_word' id='word_1_62' title='bbox 357 1042 479 1121; x_wconf 86' lang='lat' dir='ltr'>privata</span> <span class='ocrx_word' id='word_1_63' title='bbox 500 1042 637 1104; x_wconf 91' lang='lat' dir='ltr'>aedificia</span> <span class='ocrx_word' id='word_1_64' title='bbox 657 1042 835 1116; x_wconf 88' lang='lat' dir='ltr'>incendunt,</span> <span class='ocrx_word' id='word_1_65' title='bbox 856 1042 1038 1103; x_wconf 86' lang='lat' dir='ltr'>frumentum</span> <span class='ocrx_word' id='word_1_66' title='bbox 1052 1058 1151 1118; x_wconf 90' lang='lat' dir='ltr'>omne,</span> 
     </span>
     <span class='ocr_line' id='line_1_10' title="bbox 129 1128 1154 1208; baseline 0 -19"><span class='ocrx_word' id='word_1_67' title='bbox 129 1136 340 1208; x_wconf 78' lang='lat' dir='ltr'>praeterquam</span> <span class='ocrx_word' id='word_1_68' title='bbox 368 1129 448 1207; x_wconf 94' lang='lat' dir='ltr'>quod</span> <span class='ocrx_word' id='word_1_69' title='bbox 470 1146 570 1190; x_wconf 91' lang='lat' dir='ltr'>secum</span> <span class='ocrx_word' id='word_1_70' title='bbox 592 1128 741 1208; x_wconf 88' lang='lat' dir='ltr'>portaturi</span> <span class='ocrx_word' id='word_1_71' title='bbox 763 1136 866 1202; x_wconf 90' lang='lat' dir='ltr'>eraut,</span> <span class='ocrx_word' id='word_1_72' title='bbox 894 1128 1085 1202; x_wconf 85' lang='lat' dir='ltr'>comburunt,</span> <span class='ocrx_word' id='word_1_73' title='bbox 1118 1137 1154 1189; x_wconf 91' lang='lat' dir='ltr'>ut</span> 
     </span>
     <span class='ocr_line' id='line_1_11' title="bbox 132 1212 1197 1295; baseline 0.005 -20"><span class='ocrx_word' id='word_1_74' title='bbox 132 1215 255 1276; x_wconf 89' lang='lat' dir='ltr'>domum</span> <span class='ocrx_word' id='word_1_75' title='bbox 286 1213 443 1276; x_wconf 86' lang='lat' dir='ltr'>reditionis</span> <span class='ocrx_word' id='word_1_76' title='bbox 470 1234 525 1295; x_wconf 89' lang='lat' dir='ltr'>spe</span> <span class='ocrx_word' id='word_1_77' title='bbox 553 1215 676 1277; x_wconf 92' lang='lat' dir='ltr'>sublata</span> <span class='ocrx_word' id='word_1_78' title='bbox 696 1214 864 1294; x_wconf 84' lang='lat' dir='ltr'>paratiores</span> <span class='ocrx_word' id='word_1_79' title='bbox 886 1214 927 1275; x_wconf 93' lang='lat' dir='ltr'>ad</span> <span class='ocrx_word' id='word_1_80' title='bbox 949 1212 1049 1274; x_wconf 90' lang='lat' dir='ltr'>omnia</span> <span class='ocrx_word' id='word_1_81' title='bbox 1069 1212 1152 1294; x_wconf 88' lang='lat' dir='ltr'>peri-</span> <span class='ocrx_word' id='word_1_82' title='bbox 1168 1240 1197 1279; x_wconf 83' lang='lat' dir='ltr'>ro</span> 
     </span>
     <span class='ocr_line' id='line_1_12' title="bbox 131 1298 1154 1374; baseline 0.002 -13"><span class='ocrx_word' id='word_1_83' title='bbox 131 1299 201 1361; x_wconf 89' lang='lat' dir='ltr'>cula</span> <span class='ocrx_word' id='word_1_84' title='bbox 230 1299 386 1362; x_wconf 90' lang='lat' dir='ltr'>subeunda</span> <span class='ocrx_word' id='word_1_85' title='bbox 414 1309 531 1374; x_wconf 86' lang='lat' dir='ltr'>esseut;</span> <span class='ocrx_word' id='word_1_86' title='bbox 564 1301 655 1363; x_wconf 90' lang='lat' dir='ltr'>trium</span> <span class='ocrx_word' id='word_1_87' title='bbox 676 1320 813 1363; x_wconf 90' lang='lat' dir='ltr'>mensum</span> <span class='ocrx_word' id='word_1_88' title='bbox 835 1299 941 1363; x_wconf 90' lang='lat' dir='ltr'>molita</span> <span class='ocrx_word' id='word_1_89' title='bbox 962 1298 1075 1361; x_wconf 87' lang='lat' dir='ltr'>cibaria</span> <span class='ocrx_word' id='word_1_90' title='bbox 1096 1299 1154 1363; x_wconf 87' lang='lat' dir='ltr'>sibi</span> 
     </span>
     <span class='ocr_line' id='line_1_13' title="bbox 131 1384 1154 1466; baseline 0.002 -19"><span class='ocrx_word' id='word_1_91' title='bbox 131 1401 279 1466; x_wconf 91' lang='lat' dir='ltr'>quemque</span> <span class='ocrx_word' id='word_1_92' title='bbox 312 1387 400 1448; x_wconf 91' lang='lat' dir='ltr'>domo</span> <span class='ocrx_word' id='word_1_93' title='bbox 434 1386 540 1449; x_wconf 87' lang='lat' dir='ltr'>efferre</span> <span class='ocrx_word' id='word_1_94' title='bbox 571 1387 686 1450; x_wconf 83' lang='lat' dir='ltr'>iubent</span> <span class='ocrx_word' id='word_1_95' title='bbox 729 1387 920 1450; x_wconf 88' lang='lat' dir='ltr'>Persuadent</span> <span class='ocrx_word' id='word_1_96' title='bbox 945 1384 1095 1448; x_wconf 88' lang='lat' dir='ltr'>Rauracis</span> <span class='ocrx_word' id='word_1_97' title='bbox 1123 1394 1154 1449; x_wconf 92' lang='lat' dir='ltr'>et</span> 
     </span>
     <span class='ocr_line' id='line_1_14' title="bbox 131 1471 1154 1554; baseline 0.002 -21"><span class='ocrx_word' id='word_1_98' title='bbox 131 1471 269 1552; x_wconf 84' lang='lat' dir='ltr'>Tulingis</span> <span class='ocrx_word' id='word_1_99' title='bbox 302 1481 332 1534; x_wconf 91' lang='lat' dir='ltr'>et</span> <span class='ocrx_word' id='word_1_100' title='bbox 363 1472 536 1554; x_wconf 82' lang='lat' dir='ltr'>Latobrigis</span> <span class='ocrx_word' id='word_1_101' title='bbox 569 1472 721 1549; x_wconf 87' lang='lat' dir='ltr'>finitimis,</span> <span class='ocrx_word' id='word_1_102' title='bbox 754 1473 800 1535; x_wconf 91' lang='lat' dir='ltr'>nti</span> <span class='ocrx_word' id='word_1_103' title='bbox 829 1474 933 1534; x_wconf 92' lang='lat' dir='ltr'>eodem</span> <span class='ocrx_word' id='word_1_104' title='bbox 959 1471 1008 1532; x_wconf 87' lang='lat' dir='ltr'>usi</span> <span class='ocrx_word' id='word_1_105' title='bbox 1030 1471 1154 1535; x_wconf 93' lang='lat' dir='ltr'>consilio</span> 
     </span>
     <span class='ocr_line' id='line_1_15' title="bbox 133 1557 1153 1638; baseline 0.002 -19"><span class='ocrx_word' id='word_1_106' title='bbox 133 1558 253 1638; x_wconf 90' lang='lat' dir='ltr'>oppidis</span> <span class='ocrx_word' id='word_1_107' title='bbox 287 1558 348 1620; x_wconf 87' lang='lat' dir='ltr'>suis</span> <span class='ocrx_word' id='word_1_108' title='bbox 381 1559 515 1638; x_wconf 91' lang='lat' dir='ltr'>vicisque</span> <span class='ocrx_word' id='word_1_109' title='bbox 544 1558 659 1621; x_wconf 90' lang='lat' dir='ltr'>exustis</span> <span class='ocrx_word' id='word_1_110' title='bbox 686 1579 747 1621; x_wconf 90' lang='lat' dir='ltr'>nna</span> <span class='ocrx_word' id='word_1_111' title='bbox 768 1577 834 1621; x_wconf 91' lang='lat' dir='ltr'>cum</span> <span class='ocrx_word' id='word_1_112' title='bbox 856 1558 894 1621; x_wconf 89' lang='lat' dir='ltr'>iis</span> <span class='ocrx_word' id='word_1_113' title='bbox 915 1557 1153 1638; x_wconf 90' lang='lat' dir='ltr'>proficiscantur,</span> 
     </span>
     <span class='ocr_line' id='line_1_16' title="bbox 131 1642 1196 1725; baseline 0.003 -20"><span class='ocrx_word' id='word_1_114' title='bbox 131 1644 300 1725; x_wconf 91' lang='lat' dir='ltr'>Boiosque,</span> <span class='ocrx_word' id='word_1_115' title='bbox 322 1644 373 1724; x_wconf 91' lang='lat' dir='ltr'>qui</span> <span class='ocrx_word' id='word_1_116' title='bbox 394 1652 482 1706; x_wconf 91' lang='lat' dir='ltr'>trans</span> <span class='ocrx_word' id='word_1_117' title='bbox 503 1644 643 1707; x_wconf 86' lang='lat' dir='ltr'>Rhenum</span> <span class='ocrx_word' id='word_1_118' title='bbox 665 1645 853 1708; x_wconf 90' lang='lat' dir='ltr'>incoluerant</span> <span class='ocrx_word' id='word_1_119' title='bbox 876 1653 907 1705; x_wconf 91' lang='lat' dir='ltr'>et</span> <span class='ocrx_word' id='word_1_120' title='bbox 924 1642 956 1705; x_wconf 93' lang='lat' dir='ltr'>in</span> <span class='ocrx_word' id='word_1_121' title='bbox 971 1661 1074 1723; x_wconf 87' lang='lat' dir='ltr'>agrum</span> <span class='ocrx_word' id='word_1_122' title='bbox 1088 1643 1155 1707; x_wconf 92' lang='lat' dir='ltr'>No-</span> <span class='ocrx_word' id='word_1_123' title='bbox 1169 1669 1196 1710; x_wconf 76' lang='lat' dir='ltr'>rr</span> 
     </span>
     <span class='ocr_line' id='line_1_17' title="bbox 133 1729 1155 1813; baseline 0.002 -21"><span class='ocrx_word' id='word_1_124' title='bbox 133 1729 228 1792; x_wconf 84' lang='lat' dir='ltr'>riuum</span> <span class='ocrx_word' id='word_1_125' title='bbox 255 1730 443 1792; x_wconf 88' lang='lat' dir='ltr'>transierant</span> <span class='ocrx_word' id='word_1_126' title='bbox 468 1730 671 1811; x_wconf 88' lang='lat' dir='ltr'>Noreiamque</span> <span class='ocrx_word' id='word_1_127' title='bbox 694 1737 922 1813; x_wconf 80' lang='lat' dir='ltr'>oppugnarent,</span> <span class='ocrx_word' id='word_1_128' title='bbox 955 1737 1092 1810; x_wconf 87' lang='lat' dir='ltr'>receptos</span> <span class='ocrx_word' id='word_1_129' title='bbox 1115 1731 1155 1794; x_wconf 91' lang='lat' dir='ltr'>ad</span> 
     </span>
     <span class='ocr_line' id='line_1_18' title="bbox 135 1816 574 1879; baseline 0 -1"><span class='ocrx_word' id='word_1_130' title='bbox 135 1835 170 1878; x_wconf 92' lang='lat' dir='ltr'>se</span> <span class='ocrx_word' id='word_1_131' title='bbox 192 1816 290 1878; x_wconf 83' lang='lat' dir='ltr'>socios</span> <span class='ocrx_word' id='word_1_132' title='bbox 313 1816 372 1878; x_wconf 87' lang='lat' dir='ltr'>sibi</span> <span class='ocrx_word' id='word_1_133' title='bbox 394 1816 574 1879; x_wconf 89' lang='lat' dir='ltr'>adsciscunt.</span> 
     </span>
    </p>

    <p class='ocr_par' dir='ltr' id='par_1_4' title="bbox 132 1900 1199 3344">
     <span class='ocr_line' id='line_1_19' title="bbox 197 1900 1173 1982; baseline -0.001 -20"><span class='ocrx_word' id='word_1_134' title='bbox 197 1902 296 1964; x_wconf 86' lang='lat' dir='ltr'>Erant</span> <span class='ocrx_word' id='word_1_135' title='bbox 329 1902 450 1964; x_wconf 91' lang='lat' dir='ltr'>omnino</span> <span class='ocrx_word' id='word_1_136' title='bbox 482 1902 591 1964; x_wconf 89' lang='lat' dir='ltr'>itinera</span> <span class='ocrx_word' id='word_1_137' title='bbox 623 1903 697 1976; x_wconf 89' lang='lat' dir='ltr'>duo,</span> <span class='ocrx_word' id='word_1_138' title='bbox 731 1901 839 1982; x_wconf 87' lang='lat' dir='ltr'>quibus</span> <span class='ocrx_word' id='word_1_139' title='bbox 869 1900 1025 1963; x_wconf 86' lang='lat' dir='ltr'>itineribus</span> <span class='ocrx_word' id='word_1_140' title='bbox 1058 1902 1173 1966; x_wconf 73' lang='lat' dir='ltr'>demon</span> 
     </span>
     <span class='ocr_line' id='line_1_20' title="bbox 133 1985 1153 2071; baseline 0.003 -22"><span class='ocrx_word' id='word_1_141' title='bbox 133 1987 216 2050; x_wconf 90' lang='lat' dir='ltr'>exire</span> <span class='ocrx_word' id='word_1_142' title='bbox 237 1997 378 2068; x_wconf 86' lang='lat' dir='ltr'>possent:</span> <span class='ocrx_word' id='word_1_143' title='bbox 401 2007 492 2050; x_wconf 92' lang='lat' dir='ltr'>unum</span> <span class='ocrx_word' id='word_1_144' title='bbox 514 2008 568 2071; x_wconf 92' lang='lat' dir='ltr'>per</span> <span class='ocrx_word' id='word_1_145' title='bbox 588 1985 761 2069; x_wconf 85' lang='lat' dir='ltr'>Sequanos,</span> <span class='ocrx_word' id='word_1_146' title='bbox 785 1995 946 2069; x_wconf 89' lang='lat' dir='ltr'>angustum</span> <span class='ocrx_word' id='word_1_147' title='bbox 968 1996 999 2048; x_wconf 90' lang='lat' dir='ltr'>et</span> <span class='ocrx_word' id='word_1_148' title='bbox 1020 1986 1153 2065; x_wconf 85' lang='lat' dir='ltr'>difficile,</span> 
     </span>
     <span class='ocr_line' id='line_1_21' title="bbox 132 2072 1198 2155; baseline 0.005 -19"><span class='ocrx_word' id='word_1_149' title='bbox 132 2074 214 2137; x_wconf 90' lang='lat' dir='ltr'>inter</span> <span class='ocrx_word' id='word_1_150' title='bbox 235 2082 369 2136; x_wconf 91' lang='lat' dir='ltr'>montem</span> <span class='ocrx_word' id='word_1_151' title='bbox 389 2073 493 2136; x_wconf 87' lang='lat' dir='ltr'>Iuram</span> <span class='ocrx_word' id='word_1_152' title='bbox 516 2083 547 2137; x_wconf 90' lang='lat' dir='ltr'>et</span> <span class='ocrx_word' id='word_1_153' title='bbox 569 2073 678 2137; x_wconf 90' lang='lat' dir='ltr'>fiumen</span> <span class='ocrx_word' id='word_1_154' title='bbox 700 2074 897 2147; x_wconf 87' lang='lat' dir='ltr'>Rhodanum,</span> <span class='ocrx_word' id='word_1_155' title='bbox 927 2072 981 2136; x_wconf 86' lang='lat' dir='ltr'>vix</span> <span class='ocrx_word' id='word_1_156' title='bbox 1007 2092 1068 2155; x_wconf 90' lang='lat' dir='ltr'>qua</span> <span class='ocrx_word' id='word_1_157' title='bbox 1089 2075 1155 2138; x_wconf 91' lang='lat' dir='ltr'>sin·</span> <span class='ocrx_word' id='word_1_158' title='bbox 1168 2100 1198 2141; x_wconf 84' lang='lat' dir='ltr'>ao</span> 
     </span>
     <span class='ocr_line' id='line_1_22' title="bbox 135 2159 1155 2242; baseline 0.002 -20"><span class='ocrx_word' id='word_1_159' title='bbox 135 2160 196 2242; x_wconf 92' lang='lat' dir='ltr'>guli</span> <span class='ocrx_word' id='word_1_160' title='bbox 218 2160 296 2223; x_wconf 87' lang='lat' dir='ltr'>carri</span> <span class='ocrx_word' id='word_1_161' title='bbox 318 2162 506 2236; x_wconf 81' lang='lat' dir='ltr'>ducerentur,</span> <span class='ocrx_word' id='word_1_162' title='bbox 529 2180 616 2224; x_wconf 92' lang='lat' dir='ltr'>mous</span> <span class='ocrx_word' id='word_1_163' title='bbox 639 2169 740 2223; x_wconf 92' lang='lat' dir='ltr'>autem</span> <span class='ocrx_word' id='word_1_164' title='bbox 763 2160 929 2223; x_wconf 87' lang='lat' dir='ltr'>altissimus</span> <span class='ocrx_word' id='word_1_165' title='bbox 951 2159 1155 2240; x_wconf 87' lang='lat' dir='ltr'>impendebat,</span> 
     </span>
     <span class='ocr_line' id='line_1_23' title="bbox 133 2247 1156 2328; baseline 0.006 -20"><span class='ocrx_word' id='word_1_166' title='bbox 133 2256 169 2308; x_wconf 91' lang='lat' dir='ltr'>ut</span> <span class='ocrx_word' id='word_1_167' title='bbox 190 2247 279 2309; x_wconf 86' lang='lat' dir='ltr'>iacile</span> <span class='ocrx_word' id='word_1_168' title='bbox 300 2247 442 2328; x_wconf 82' lang='lat' dir='ltr'>perpauci</span> <span class='ocrx_word' id='word_1_169' title='bbox 463 2247 620 2328; x_wconf 90' lang='lat' dir='ltr'>prohibere</span> <span class='ocrx_word' id='word_1_170' title='bbox 641 2255 784 2328; x_wconf 88' lang='lat' dir='ltr'>possent;</span> <span class='ocrx_word' id='word_1_171' title='bbox 807 2248 934 2309; x_wconf 91' lang='lat' dir='ltr'>alterum</span> <span class='ocrx_word' id='word_1_172' title='bbox 954 2265 1009 2327; x_wconf 90' lang='lat' dir='ltr'>per</span> <span class='ocrx_word' id='word_1_173' title='bbox 1030 2247 1156 2327; x_wconf 77' lang='lat' dir='ltr'>provin·</span> 
     </span>
     <span class='ocr_line' id='line_1_24' title="bbox 135 2332 1156 2415; baseline 0.003 -21"><span class='ocrx_word' id='word_1_174' title='bbox 135 2333 212 2395; x_wconf 89' lang='lat' dir='ltr'>ciam</span> <span class='ocrx_word' id='word_1_175' title='bbox 235 2341 387 2407; x_wconf 90' lang='lat' dir='ltr'>nostram,</span> <span class='ocrx_word' id='word_1_176' title='bbox 416 2334 511 2396; x_wconf 92' lang='lat' dir='ltr'>multo</span> <span class='ocrx_word' id='word_1_177' title='bbox 532 2335 648 2396; x_wconf 84' lang='lat' dir='ltr'>facilius</span> <span class='ocrx_word' id='word_1_178' title='bbox 671 2342 762 2415; x_wconf 87' lang='lat' dir='ltr'>atque</span> <span class='ocrx_word' id='word_1_179' title='bbox 784 2332 968 2414; x_wconf 85' lang='lat' dir='ltr'>expeditius,</span> <span class='ocrx_word' id='word_1_180' title='bbox 994 2342 1156 2414; x_wconf 84' lang='lat' dir='ltr'>propterea</span> 
     </span>
     <span class='ocr_line' id='line_1_25' title="bbox 134 2418 1156 2502; baseline 0.004 -22"><span class='ocrx_word' id='word_1_181' title='bbox 134 2420 215 2500; x_wconf 91' lang='lat' dir='ltr'>qnod</span> <span class='ocrx_word' id='word_1_182' title='bbox 246 2419 326 2480; x_wconf 91' lang='lat' dir='ltr'>iuter</span> <span class='ocrx_word' id='word_1_183' title='bbox 352 2420 428 2483; x_wconf 88' lang='lat' dir='ltr'>fiues</span> <span class='ocrx_word' id='word_1_184' title='bbox 454 2420 664 2483; x_wconf 88' lang='lat' dir='ltr'>Helvetiorum</span> <span class='ocrx_word' id='word_1_185' title='bbox 687 2430 717 2482; x_wconf 91' lang='lat' dir='ltr'>et</span> <span class='ocrx_word' id='word_1_186' title='bbox 738 2419 953 2500; x_wconf 85' lang='lat' dir='ltr'>Allobrogum,</span> <span class='ocrx_word' id='word_1_187' title='bbox 987 2418 1038 2500; x_wconf 89' lang='lat' dir='ltr'>qui</span> <span class='ocrx_word' id='word_1_188' title='bbox 1060 2439 1156 2502; x_wconf 88' lang='lat' dir='ltr'>nuper</span> 
     </span>
     <span class='ocr_line' id='line_1_26' title="bbox 135 2504 1198 2587; baseline 0.005 -20"><span class='ocrx_word' id='word_1_189' title='bbox 135 2505 236 2586; x_wconf 89' lang='lat' dir='ltr'>pacati</span> <span class='ocrx_word' id='word_1_190' title='bbox 266 2514 367 2580; x_wconf 89' lang='lat' dir='ltr'>erant,</span> <span class='ocrx_word' id='word_1_191' title='bbox 400 2505 566 2569; x_wconf 88' lang='lat' dir='ltr'>Rhodanus</span> <span class='ocrx_word' id='word_1_192' title='bbox 594 2506 773 2587; x_wconf 85' lang='lat' dir='ltr'>finitisque</span> <span class='ocrx_word' id='word_1_193' title='bbox 801 2505 954 2568; x_wconf 91' lang='lat' dir='ltr'>nonnullis</span> <span class='ocrx_word' id='word_1_194' title='bbox 980 2504 1054 2568; x_wconf 87' lang='lat' dir='ltr'>locis</span> <span class='ocrx_word' id='word_1_195' title='bbox 1075 2509 1155 2570; x_wconf 85' lang='lat' dir='ltr'>vado</span> <span class='ocrx_word' id='word_1_196' title='bbox 1168 2532 1198 2572; x_wconf 78' lang='lat' dir='ltr'>aa</span> 
     </span>
     <span class='ocr_line' id='line_1_27' title="bbox 135 2591 1156 2674; baseline 0.003 -21"><span class='ocrx_word' id='word_1_197' title='bbox 135 2591 287 2654; x_wconf 74' lang='lat' dir='ltr'>mannitur.</span> <span class='ocrx_word' id='word_1_198' title='bbox 330 2592 509 2654; x_wconf 85' lang='lat' dir='ltr'>Extremum</span> <span class='ocrx_word' id='word_1_199' title='bbox 531 2593 673 2674; x_wconf 90' lang='lat' dir='ltr'>oppidum</span> <span class='ocrx_word' id='word_1_200' title='bbox 695 2592 895 2674; x_wconf 86' lang='lat' dir='ltr'>Allobrogum</span> <span class='ocrx_word' id='word_1_201' title='bbox 909 2600 957 2654; x_wconf 89' lang='lat' dir='ltr'>est</span> <span class='ocrx_word' id='word_1_202' title='bbox 971 2591 1156 2672; x_wconf 87' lang='lat' dir='ltr'>proximum·</span> 
     </span>
     <span class='ocr_line' id='line_1_28' title="bbox 136 2677 1156 2758; baseline 0.005 -20"><span class='ocrx_word' id='word_1_203' title='bbox 136 2696 194 2758; x_wconf 92' lang='lat' dir='ltr'>que</span> <span class='ocrx_word' id='word_1_204' title='bbox 220 2677 429 2740; x_wconf 88' lang='lat' dir='ltr'>Helvetiorum</span> <span class='ocrx_word' id='word_1_205' title='bbox 456 2679 565 2741; x_wconf 88' lang='lat' dir='ltr'>finibus</span> <span class='ocrx_word' id='word_1_206' title='bbox 593 2678 710 2742; x_wconf 85' lang='lat' dir='ltr'>Genua.</span> <span class='ocrx_word' id='word_1_207' title='bbox 754 2678 803 2741; x_wconf 84' lang='lat' dir='ltr'>Ex</span> <span class='ocrx_word' id='word_1_208' title='bbox 825 2697 861 2740; x_wconf 91' lang='lat' dir='ltr'>eo</span> <span class='ocrx_word' id='word_1_209' title='bbox 885 2678 994 2758; x_wconf 91' lang='lat' dir='ltr'>oppido</span> <span class='ocrx_word' id='word_1_210' title='bbox 1016 2697 1093 2757; x_wconf 91' lang='lat' dir='ltr'>pous</span> <span class='ocrx_word' id='word_1_211' title='bbox 1116 2682 1156 2743; x_wconf 89' lang='lat' dir='ltr'>ad</span> 
     </span>
     <span class='ocr_line' id='line_1_29' title="bbox 137 2763 1156 2846; baseline 0.003 -21"><span class='ocrx_word' id='word_1_212' title='bbox 137 2763 296 2825; x_wconf 87' lang='lat' dir='ltr'>Helvetios</span> <span class='ocrx_word' id='word_1_213' title='bbox 328 2764 469 2844; x_wconf 89' lang='lat' dir='ltr'>pertinet.</span> <span class='ocrx_word' id='word_1_214' title='bbox 518 2764 733 2846; x_wconf 86' lang='lat' dir='ltr'>Allobrogibus</span> <span class='ocrx_word' id='word_1_215' title='bbox 766 2785 833 2828; x_wconf 89' lang='lat' dir='ltr'>sese</span> <span class='ocrx_word' id='word_1_216' title='bbox 865 2765 914 2826; x_wconf 89' lang='lat' dir='ltr'>vel</span> <span class='ocrx_word' id='word_1_217' title='bbox 940 2783 1156 2844; x_wconf 88' lang='lat' dir='ltr'>persuasuros,</span> 
     </span>
     <span class='ocr_line' id='line_1_30' title="bbox 138 2849 1156 2932; baseline 0.003 -20"><span class='ocrx_word' id='word_1_218' title='bbox 138 2851 220 2930; x_wconf 90' lang='lat' dir='ltr'>quod</span> <span class='ocrx_word' id='word_1_219' title='bbox 241 2849 373 2910; x_wconf 92' lang='lat' dir='ltr'>noudum</span> <span class='ocrx_word' id='word_1_220' title='bbox 394 2849 474 2911; x_wconf 92' lang='lat' dir='ltr'>bono</span> <span class='ocrx_word' id='word_1_221' title='bbox 496 2850 596 2912; x_wconf 92' lang='lat' dir='ltr'>auimo</span> <span class='ocrx_word' id='word_1_222' title='bbox 618 2851 649 2913; x_wconf 93' lang='lat' dir='ltr'>in</span> <span class='ocrx_word' id='word_1_223' title='bbox 670 2849 813 2932; x_wconf 88' lang='lat' dir='ltr'>populum</span> <span class='ocrx_word' id='word_1_224' title='bbox 828 2850 1000 2912; x_wconf 89' lang='lat' dir='ltr'>Romanum</span> <span class='ocrx_word' id='word_1_225' title='bbox 1014 2851 1156 2915; x_wconf 88' lang='lat' dir='ltr'>videren—</span> 
     </span>
     <span class='ocr_line' id='line_1_31' title="bbox 136 2934 1199 3016; baseline 0.002 -17"><span class='ocrx_word' id='word_1_226' title='bbox 136 2944 197 3010; x_wconf 90' lang='lat' dir='ltr'>tur,</span> <span class='ocrx_word' id='word_1_227' title='bbox 221 2934 451 3008; x_wconf 85' lang='lat' dir='ltr'>existimabant,</span> <span class='ocrx_word' id='word_1_228' title='bbox 474 2935 523 2998; x_wconf 90' lang='lat' dir='ltr'>vel</span> <span class='ocrx_word' id='word_1_229' title='bbox 544 2937 575 2996; x_wconf 91' lang='lat' dir='ltr'>vi</span> <span class='ocrx_word' id='word_1_230' title='bbox 597 2946 769 3010; x_wconf 91' lang='lat' dir='ltr'>coacturos,</span> <span class='ocrx_word' id='word_1_231' title='bbox 792 2946 827 2999; x_wconf 93' lang='lat' dir='ltr'>ut</span> <span class='ocrx_word' id='word_1_232' title='bbox 847 2956 902 3016; x_wconf 90' lang='lat' dir='ltr'>per</span> <span class='ocrx_word' id='word_1_233' title='bbox 924 2955 995 2999; x_wconf 91' lang='lat' dir='ltr'>suos</span> <span class='ocrx_word' id='word_1_234' title='bbox 1017 2937 1155 3001; x_wconf 88' lang='lat' dir='ltr'>fiueseos</span> <span class='ocrx_word' id='word_1_235' title='bbox 1169 2963 1199 3001; x_wconf 84' lang='lat' dir='ltr'>oo</span> 
     </span>
     <span class='ocr_line' id='line_1_32' title="bbox 136 3018 1156 3104; baseline 0.002 -20"><span class='ocrx_word' id='word_1_236' title='bbox 136 3021 183 3084; x_wconf 92' lang='lat' dir='ltr'>ire</span> <span class='ocrx_word' id='word_1_237' title='bbox 204 3028 390 3101; x_wconf 90' lang='lat' dir='ltr'>paterentur.</span> <span class='ocrx_word' id='word_1_238' title='bbox 429 3018 576 3082; x_wconf 91' lang='lat' dir='ltr'>Omnibus</span> <span class='ocrx_word' id='word_1_239' title='bbox 598 3024 687 3084; x_wconf 90' lang='lat' dir='ltr'>rebus</span> <span class='ocrx_word' id='word_1_240' title='bbox 709 3024 748 3084; x_wconf 92' lang='lat' dir='ltr'>ad</span> <span class='ocrx_word' id='word_1_241' title='bbox 768 3021 983 3102; x_wconf 89' lang='lat' dir='ltr'>profectionem</span> <span class='ocrx_word' id='word_1_242' title='bbox 997 3040 1156 3104; x_wconf 85' lang='lat' dir='ltr'>compara-</span> 
     </span>
     <span class='ocr_line' id='line_1_33' title="bbox 137 3106 1157 3188; baseline 0.001 -18"><span class='ocrx_word' id='word_1_243' title='bbox 137 3108 179 3170; x_wconf 91' lang='lat' dir='ltr'>tis</span> <span class='ocrx_word' id='word_1_244' title='bbox 202 3107 281 3170; x_wconf 92' lang='lat' dir='ltr'>diem</span> <span class='ocrx_word' id='word_1_245' title='bbox 304 3106 421 3181; x_wconf 89' lang='lat' dir='ltr'>dicunt,</span> <span class='ocrx_word' id='word_1_246' title='bbox 455 3125 515 3186; x_wconf 91' lang='lat' dir='ltr'>qua</span> <span class='ocrx_word' id='word_1_247' title='bbox 543 3106 591 3169; x_wconf 90' lang='lat' dir='ltr'>die</span> <span class='ocrx_word' id='word_1_248' title='bbox 612 3108 653 3169; x_wconf 92' lang='lat' dir='ltr'>ad</span> <span class='ocrx_word' id='word_1_249' title='bbox 673 3108 771 3188; x_wconf 77' lang='lat' dir='ltr'>ripa-m</span> <span class='ocrx_word' id='word_1_250' title='bbox 792 3108 936 3171; x_wconf 90' lang='lat' dir='ltr'>Rhodani</span> <span class='ocrx_word' id='word_1_251' title='bbox 959 3128 1062 3170; x_wconf 90' lang='lat' dir='ltr'>omnes</span> <span class='ocrx_word' id='word_1_252' title='bbox 1084 3127 1157 3171; x_wconf 91' lang='lat' dir='ltr'>cou-</span> 
     </span>
     <span class='ocr_line' id='line_1_34' title="bbox 136 3192 1156 3275; baseline 0.002 -19"><span class='ocrx_word' id='word_1_253' title='bbox 136 3194 271 3256; x_wconf 81' lang='lat' dir='ltr'>veniant</span> <span class='ocrx_word' id='word_1_254' title='bbox 320 3194 352 3254; x_wconf 87' lang='lat' dir='ltr'>Is</span> <span class='ocrx_word' id='word_1_255' title='bbox 380 3193 443 3256; x_wconf 89' lang='lat' dir='ltr'>dies</span> <span class='ocrx_word' id='word_1_256' title='bbox 470 3202 538 3256; x_wconf 90' lang='lat' dir='ltr'>erat</span> <span class='ocrx_word' id='word_1_257' title='bbox 564 3212 592 3256; x_wconf 90' lang='lat' dir='ltr'>a.</span> <span class='ocrx_word' id='word_1_258' title='bbox 613 3192 695 3256; x_wconf 83' lang='lat' dir='ltr'>dv.</span> <span class='ocrx_word' id='word_1_259' title='bbox 717 3192 780 3255; x_wconf 87' lang='lat' dir='ltr'>kal.</span> <span class='ocrx_word' id='word_1_260' title='bbox 800 3193 878 3275; x_wconf 87' lang='lat' dir='ltr'>Apr.</span> <span class='ocrx_word' id='word_1_261' title='bbox 897 3195 936 3257; x_wconf 86' lang='lat' dir='ltr'>L.</span> <span class='ocrx_word' id='word_1_262' title='bbox 956 3194 1082 3267; x_wconf 87' lang='lat' dir='ltr'>Pisone,</span> <span class='ocrx_word' id='word_1_263' title='bbox 1115 3194 1156 3258; x_wconf 85' lang='lat' dir='ltr'>A.</span> 
     </span>
     <span class='ocr_line' id='line_1_35' title="bbox 137 3279 474 3344; baseline -0.009 0"><span class='ocrx_word' id='word_1_264' title='bbox 137 3279 269 3344; x_wconf 85' lang='lat' dir='ltr'>Gabinio</span> <span class='ocrx_word' id='word_1_265' title='bbox 292 3280 474 3342; x_wconf 90' lang='lat' dir='ltr'>consulibus.</span> 
     </span>
    </p>

    <p class='ocr_par' dir='ltr' id='par_1_5' title="bbox 135 3364 1202 4050">
     <span class='ocr_line' id='line_1_36' title="bbox 204 3364 1184 3444; baseline -0.005 -16"><span class='ocrx_word' id='word_1_266' title='bbox 204 3366 330 3429; x_wconf 85' lang='lat' dir='ltr'>Caesari</span> <span class='ocrx_word' id='word_1_267' title='bbox 359 3385 425 3428; x_wconf 91' lang='lat' dir='ltr'>oum</span> <span class='ocrx_word' id='word_1_268' title='bbox 446 3366 478 3428; x_wconf 92' lang='lat' dir='ltr'>id</span> <span class='ocrx_word' id='word_1_269' title='bbox 499 3365 672 3427; x_wconf 92' lang='lat' dir='ltr'>nuntiatum</span> <span class='ocrx_word' id='word_1_270' title='bbox 695 3372 792 3438; x_wconf 88' lang='lat' dir='ltr'>esset,</span> <span class='ocrx_word' id='word_1_271' title='bbox 821 3383 872 3426; x_wconf 90' lang='lat' dir='ltr'>eos</span> <span class='ocrx_word' id='word_1_272' title='bbox 894 3383 949 3443; x_wconf 91' lang='lat' dir='ltr'>per</span> <span class='ocrx_word' id='word_1_273' title='bbox 969 3364 1184 3444; x_wconf 74' lang='lat' dir='ltr'>provinciam‘l</span> 
     </span>
     <span class='ocr_line' id='line_1_37' title="bbox 135 3450 1199 3530; baseline 0.001 -14"><span class='ocrx_word' id='word_1_274' title='bbox 135 3461 273 3517; x_wconf 91' lang='lat' dir='ltr'>nostram</span> <span class='ocrx_word' id='word_1_275' title='bbox 299 3452 358 3514; x_wconf 89' lang='lat' dir='ltr'>iter</span> <span class='ocrx_word' id='word_1_276' title='bbox 378 3453 475 3516; x_wconf 88' lang='lat' dir='ltr'>iacere</span> <span class='ocrx_word' id='word_1_277' title='bbox 498 3451 621 3525; x_wconf 88' lang='lat' dir='ltr'>conari,</span> <span class='ocrx_word' id='word_1_278' title='bbox 647 3459 783 3514; x_wconf 89' lang='lat' dir='ltr'>maturat</span> <span class='ocrx_word' id='word_1_279' title='bbox 805 3450 843 3512; x_wconf 86' lang='lat' dir='ltr'>ab</span> <span class='ocrx_word' id='word_1_280' title='bbox 865 3451 939 3513; x_wconf 91' lang='lat' dir='ltr'>urbe</span> <span class='ocrx_word' id='word_1_281' title='bbox 959 3450 1107 3530; x_wconf 89' lang='lat' dir='ltr'>proficisci</span> <span class='ocrx_word' id='word_1_282' title='bbox 1129 3460 1199 3517; x_wconf 81' lang='lat' dir='ltr'>etas</span> 
     </span>
     <span class='ocr_line' id='line_1_38' title="bbox 135 3535 1158 3620; baseline -0.002 -18"><span class='ocrx_word' id='word_1_283' title='bbox 135 3559 227 3620; x_wconf 89' lang='lat' dir='ltr'>quam</span> <span class='ocrx_word' id='word_1_284' title='bbox 248 3538 388 3601; x_wconf 89' lang='lat' dir='ltr'>maximis</span> <span class='ocrx_word' id='word_1_285' title='bbox 410 3548 513 3619; x_wconf 89' lang='lat' dir='ltr'>potest</span> <span class='ocrx_word' id='word_1_286' title='bbox 531 3537 689 3601; x_wconf 88' lang='lat' dir='ltr'>itineribus</span> <span class='ocrx_word' id='word_1_287' title='bbox 703 3536 736 3600; x_wconf 94' lang='lat' dir='ltr'>in</span> <span class='ocrx_word' id='word_1_288' title='bbox 750 3535 884 3600; x_wconf 84' lang='lat' dir='ltr'>Galliam</span> <span class='ocrx_word' id='word_1_289' title='bbox 898 3536 1070 3599; x_wconf 89' lang='lat' dir='ltr'>ulteriorem</span> <span class='ocrx_word' id='word_1_290' title='bbox 1084 3557 1158 3600; x_wconf 92' lang='lat' dir='ltr'>con-</span> 
     </span>
     <span class='ocr_line' id='line_1_39' title="bbox 136 3622 1159 3705; baseline -0.001 -17"><span class='ocrx_word' id='word_1_291' title='bbox 136 3626 235 3688; x_wconf 90' lang='lat' dir='ltr'>tendit</span> <span class='ocrx_word' id='word_1_292' title='bbox 269 3634 301 3686; x_wconf 89' lang='lat' dir='ltr'>et</span> <span class='ocrx_word' id='word_1_293' title='bbox 334 3626 374 3686; x_wconf 91' lang='lat' dir='ltr'>ad</span> <span class='ocrx_word' id='word_1_294' title='bbox 407 3624 544 3687; x_wconf 88' lang='lat' dir='ltr'>Genuam</span> <span class='ocrx_word' id='word_1_295' title='bbox 576 3623 724 3705; x_wconf 86' lang='lat' dir='ltr'>pervenit.</span> <span class='ocrx_word' id='word_1_296' title='bbox 779 3622 957 3686; x_wconf 87' lang='lat' dir='ltr'>Provinciae</span> <span class='ocrx_word' id='word_1_297' title='bbox 984 3622 1042 3686; x_wconf 92' lang='lat' dir='ltr'>toti</span> <span class='ocrx_word' id='word_1_298' title='bbox 1068 3643 1159 3705; x_wconf 92' lang='lat' dir='ltr'>quam</span> 
     </span>
     <span class='ocr_line' id='line_1_40' title="bbox 138 3705 1158 3792; baseline 0.001 -18"><span class='ocrx_word' id='word_1_299' title='bbox 138 3711 304 3774; x_wconf 89' lang='lat' dir='ltr'>maximum</span> <span class='ocrx_word' id='word_1_300' title='bbox 331 3719 433 3790; x_wconf 89' lang='lat' dir='ltr'>potest</span> <span class='ocrx_word' id='word_1_301' title='bbox 454 3711 583 3773; x_wconf 91' lang='lat' dir='ltr'>militum</span> <span class='ocrx_word' id='word_1_302' title='bbox 606 3730 760 3772; x_wconf 91' lang='lat' dir='ltr'>numerum</span> <span class='ocrx_word' id='word_1_303' title='bbox 781 3710 910 3789; x_wconf 90' lang='lat' dir='ltr'>imperat</span> <span class='ocrx_word' id='word_1_304' title='bbox 932 3705 1016 3792; x_wconf 86' lang='lat' dir='ltr'>(erat</span> <span class='ocrx_word' id='word_1_305' title='bbox 1038 3711 1158 3775; x_wconf 90' lang='lat' dir='ltr'>omuino</span> 
     </span>
     <span class='ocr_line' id='line_1_41' title="bbox 137 3795 1202 3881; baseline 0.003 -21"><span class='ocrx_word' id='word_1_306' title='bbox 137 3799 170 3860; x_wconf 93' lang='lat' dir='ltr'>in</span> <span class='ocrx_word' id='word_1_307' title='bbox 193 3797 298 3859; x_wconf 89' lang='lat' dir='ltr'>Gallia</span> <span class='ocrx_word' id='word_1_308' title='bbox 313 3797 462 3860; x_wconf 54' lang='lat' dir='ltr'>„ulteriore</span> <span class='ocrx_word' id='word_1_309' title='bbox 484 3797 560 3878; x_wconf 91' lang='lat' dir='ltr'>legio</span> <span class='ocrx_word' id='word_1_310' title='bbox 582 3795 676 3881; x_wconf 89' lang='lat' dir='ltr'>uua);</span> <span class='ocrx_word' id='word_1_311' title='bbox 703 3805 842 3878; x_wconf 92' lang='lat' dir='ltr'>pontem,</span> <span class='ocrx_word' id='word_1_312' title='bbox 871 3796 922 3876; x_wconf 90' lang='lat' dir='ltr'>qui</span> <span class='ocrx_word' id='word_1_313' title='bbox 944 3805 1010 3860; x_wconf 91' lang='lat' dir='ltr'>erat</span> <span class='ocrx_word' id='word_1_314' title='bbox 1032 3800 1071 3860; x_wconf 86' lang='lat' dir='ltr'>ad</span> <span class='ocrx_word' id='word_1_315' title='bbox 1093 3796 1158 3861; x_wconf 84' lang='lat' dir='ltr'>Ge·</span> <span class='ocrx_word' id='word_1_316' title='bbox 1172 3822 1202 3863; x_wconf 73' lang='lat' dir='ltr'>ro</span> 
     </span>
     <span class='ocr_line' id='line_1_42' title="bbox 137 3882 1159 3957; baseline 0.002 -11"><span class='ocrx_word' id='word_1_317' title='bbox 137 3903 248 3957; x_wconf 83' lang='lat' dir='ltr'>nuum,</span> <span class='ocrx_word' id='word_1_318' title='bbox 273 3882 358 3946; x_wconf 91' lang='lat' dir='ltr'>iubet</span> <span class='ocrx_word' id='word_1_319' title='bbox 379 3883 516 3947; x_wconf 89' lang='lat' dir='ltr'>rescindi.</span> <span class='ocrx_word' id='word_1_320' title='bbox 561 3882 622 3946; x_wconf 91' lang='lat' dir='ltr'>Ubi</span> <span class='ocrx_word' id='word_1_321' title='bbox 644 3885 681 3945; x_wconf 93' lang='lat' dir='ltr'>de</span> <span class='ocrx_word' id='word_1_322' title='bbox 704 3883 768 3946; x_wconf 84' lang='lat' dir='ltr'>eius</span> <span class='ocrx_word' id='word_1_323' title='bbox 791 3883 924 3946; x_wconf 87' lang='lat' dir='ltr'>adventu</span> <span class='ocrx_word' id='word_1_324' title='bbox 944 3883 1079 3947; x_wconf 85' lang='lat' dir='ltr'>Helvetii</span> <span class='ocrx_word' id='word_1_325' title='bbox 1092 3904 1159 3948; x_wconf 89' lang='lat' dir='ltr'>cer-</span> 
     </span>
     <span class='ocr_line' id='line_1_43' title="bbox 139 3968 1158 4050; baseline 0.002 -18"><span class='ocrx_word' id='word_1_326' title='bbox 139 3970 235 4034; x_wconf 89' lang='lat' dir='ltr'>tiores</span> <span class='ocrx_word' id='word_1_327' title='bbox 256 3969 330 4031; x_wconf 90' lang='lat' dir='ltr'>lacti</span> <span class='ocrx_word' id='word_1_328' title='bbox 352 3980 437 4044; x_wconf 91' lang='lat' dir='ltr'>sunt,</span> <span class='ocrx_word' id='word_1_329' title='bbox 459 3969 576 4050; x_wconf 87' lang='lat' dir='ltr'>legatos</span> <span class='ocrx_word' id='word_1_330' title='bbox 599 3971 639 4033; x_wconf 92' lang='lat' dir='ltr'>ad</span> <span class='ocrx_word' id='word_1_331' title='bbox 661 3989 728 4032; x_wconf 88' lang='lat' dir='ltr'>eum</span> <span class='ocrx_word' id='word_1_332' title='bbox 750 3968 875 4032; x_wconf 75' lang='lat' dir='ltr'>mittunt</span> <span class='ocrx_word' id='word_1_333' title='bbox 895 3969 1099 4034; x_wconf 86' lang='lat' dir='ltr'>nobilissimos</span> <span class='ocrx_word' id='word_1_334' title='bbox 1113 3969 1158 4034; x_wconf 89' lang='lat' dir='ltr'>ci·</span> 
     </span>
    </p>
   </div>
   <div class='ocr_carea' id='block_1_3' title="bbox 0 0 1321 4492">
    <p class='ocr_par' dir='ltr' id='par_1_6' title="bbox 0 0 1321 4492">
     <span class='ocr_line' id='line_1_44' title="bbox 0 0 1321 4492; baseline 0 0"><span class='ocrx_word' id='word_1_335' title='bbox 0 0 1321 4492; x_wconf 95' lang='lat' dir='ltr'> </span> 
     </span>
    </p>
   </div>
  </div>
 </body>
</html>
