2616 4492
450 280 519 325 nra.
536 278 596 324 vn.
619 278 696 325 cnr.
714 259 849 325 74-77.
1099 265 1158 327 141

135 435 292 486 ccxxxx
323 421 397 481 haec
425 419 456 479 in
484 418 660 480 Aeduorum
687 418 797 480 finibus
824 419 1069 494 recensebantur,
1103 440 1160 482 nu-

135 526 294 588 merusque
306 507 447 579 inibatur,
470 505 613 584 praefecti
626 504 893 567 constituebantur.
917 503 1052 566 Commio
1063 505 1161 568 Atre-

133 595 219 668 bati,
242 594 436 654 Viridomaro
452 599 483 651 ct
495 590 694 671 Eporedorigi
716 590 848 663 Aeduis,
872 591 1158 654 Vercassivellauno

134 683 291 753 Arverno,
316 678 495 740 consobrino
518 678 787 758 Vercingetorigis,
811 696 931 738 summa
951 678 1069 756 imperii
1091 688 1158 740 tra-

136 769 225 830 ditur.
263 767 321 827 His
345 765 451 826 delecti
467 784 504 825 ex
520 763 693 825 civitatibus
709 765 921 837 attribuuntur,
946 783 1070 843 quorum
1086 785 1187 826 con-s

135 855 203 916 silio
237 852 347 914 bellurn
381 850 653 911 administraretur.
705 850 817 911 Omnes
841 850 957 911 alacres
981 859 1013 911 et
1034 852 1159 913 fiduciae

133 940 216 1021 pleni
238 940 277 1000 ad
299 937 438 999 Alesiam
461 936 700 1016 proficiscuntur,
724 956 820 1017 neque
843 945 907 997 erat
924 937 1054 998 omnium
1073 939 1158 1018 quis·

133 1045 240 1107 quam,
275 1025 326 1104 qui
355 1033 510 1103 aspectum
538 1025 625 1084 modo
654 1032 759 1084 tantae
787 1023 987 1085 multitudinis
1016 1025 1159 1085 sustineri

131 1132 222 1193 posse
256 1112 461 1183 arbitraretur,
495 1110 673 1189 praesertim
706 1109 829 1190 ancipiti
862 1110 990 1189 proelio,
1025 1130 1092 1171 cum
1123 1130 1160 1172 ex

133 1199 243 1279 oppido
267 1197 422 1277 eruptione
445 1205 640 1276 pugnaretur,
664 1197 737 1258 foris
760 1204 865 1257 tantae
887 1196 991 1276 copiae
1006 1197 1158 1277 equitatus
1174 1221 1202 1258 io

132 1285 345 1366 peditatusque
368 1292 568 1345 cernerentur.

199 1370 245 1431 At
271 1372 307 1443 ii,
342 1370 392 1450 qui
419 1368 544 1430 Alesiae
567 1369 792 1441 obsidebantur,
820 1368 984 1447 praeterita
1006 1367 1069 1440 die,
1100 1372 1202 1447 qua77

134 1457 248 1518 auxilia
270 1476 392 1517 suorum
415 1464 681 1533 exspectaverant,
707 1463 883 1533 consumpto
906 1454 986 1515 omni
1008 1456 1159 1516 frumento

133 1543 235 1615 inscii,
264 1544 334 1623 quid
356 1542 387 1602 in
409 1541 526 1607 Aeduis
549 1550 711 1621 gereretur,
740 1540 863 1602 concilio
892 1550 995 1602 coacto
1018 1541 1056 1600 de
1077 1540 1159 1601 exitu

134 1648 257 1690 suarum
284 1630 473 1690 fortunarum
507 1627 728 1688 consultabant.
773 1626 822 1687 Ac
851 1627 945 1688 variis
974 1627 1061 1687 dictis
1085 1646 1200 1688 sen-1³

132 1716 253 1788 tentiiS,
289 1732 416 1793 quarum
437 1732 510 1793 pars
533 1713 728 1786 deditionem,
763 1733 850 1792 pars,
880 1714 950 1773 dum
979 1713 1060 1773 vires
1084 1732 1158 1791 sup-

131 1808 285 1881 peterent,
320 1799 507 1879 eruptionem
541 1799 697 1871 censebat‚
731 1817 792 1859 non
820 1799 1038 1876 praetereunda
1061 1798 1158 1860 oratio

135 1885 305 1966 Critognati
336 1885 456 1946 videtur
488 1893 613 1964 propter
645 1885 707 1946 eius
742 1885 922 1965 singularem
956 1893 987 1945 et
1012 1885 1159 1946 nefariam
1250 1958 1254 1965 ¹

133 1973 350 2034 crudelitatem.
394 1971 453 2032 Hic
475 1991 589 2032 summo
611 1971 644 2032 in
666 1970 813 2032 Arvernis
837 1980 921 2032 ortus
944 1971 1009 2032 loco
1026 1979 1057 2031 et
1071 1991 1158 2051 mag-

133 2080 190 2120 nae
213 2059 334 2120 habitus
358 2057 561 2132 auctoritatiS,
585 2057 685 2130 Nihil,
708 2057 820 2138 inquit,
845 2059 1007 2118 decorum
1031 2065 1156 2118 senten·
1171 2081 1202 2119 no

133 2147 178 2207 tia
206 2146 339 2206 dicturus
367 2164 448 2219 sum,
484 2144 534 2224 qui
562 2143 768 2223 turpissimam
797 2143 972 2205 servitutem
996 2144 1157 2206 deditionis

133 2233 253 2293 nomine
277 2231 448 2312 appellant,
472 2250 568 2310 neque
589 2231 646 2292 hos
668 2231 823 2292 habendos
846 2230 956 2292 civium
978 2230 1043 2291 loco
1060 2249 1157 2310 neque

133 2319 172 2379 ad
205 2319 359 2380 concilium
388 2317 574 2379 adhibendos
603 2337 719 2379 censeo.
765 2317 840 2378 (lum
863 2317 911 2378 bis
934 2316 1007 2378 mihi
1028 2335 1075 2377 res
1101 2317 1156 2390 sit,

133 2405 182 2485 qui
209 2405 396 2484 eruptionem
423 2405 568 2483 probant3
598 2423 723 2484 quorum
744 2403 775 2465 in
800 2404 925 2465 consilio
948 2403 1080 2464 omnium
1100 2423 1156 2464 ve-

133 2501 228 2552 strum
256 2510 404 2552 consensu
430 2490 577 2570 pristinae
604 2491 735 2552 residere
757 2491 878 2552 virtutis
901 2488 1047 2551 memoria
1067 2489 1155 2550 vide·
1171 2512 1199 2551 ro

131 2586 188 2638 tur.
233 2576 339 2638 Animi
362 2585 410 2637 est
431 2577 493 2638 ista
514 2577 656 2652 mollitia,
687 2596 746 2638 non
774 2577 889 2649 virtus,
912 2576 1067 2656 paulisper
1088 2575 1157 2637 ino-

131 2664 212 2744 piam
241 2665 318 2724 ferre
346 2681 407 2723 non
434 2682 533 2742 posse.
579 2656 639 2731 Qui
662 2683 695 2724 se
717 2663 796 2725 ultro
819 2663 909 2724 morti
932 2663 1071 2736 offerant,
1105 2663 1155 2723 i-

132 2750 217 2809 cilius
240 2748 438 2827 reperiuntur,
462 2768 551 2827 quam
574 2749 625 2829 qui
640 2749 774 2810 dolorem
788 2750 939 2829 patienter
956 2749 1063 2810 ferant.
1090 2748 1155 2810 At-

131 2853 190 2912 que
219 2853 272 2913 cgo
299 2835 378 2894 hanc
406 2834 588 2895 sententiam
615 2836 776 2914 probarem
798 2871 841 2880 -
863 2844 982 2896 tantum
1005 2836 1086 2916 apud
1108 2853 1155 2896 me

132 2919 262 2999 dignitas
290 2927 393 2998 potest
411 2950 469 2992 -—,
504 2919 530 2980 si
557 2920 671 2981 nullam
693 2930 904 3001 praeterquam
927 2921 1010 2982 vitae
1033 2930 1155 2983 nostrae
1169 2945 1198 2982 oo

129 3006 276 3066 iacturam
309 3003 374 3065 fieri
406 3004 537 3065 viderem
545 3022 554 3077 ;
589 3007 695 3066 sedin
718 3007 843 3068 oonsilio
867 3007 1012 3087 capiendo
1037 3026 1155 3068 omnem

131 3092 265 3154 Galliam
288 3089 500 3170 respiciamus,
525 3109 615 3170 quam
638 3094 677 3153 ad
699 3100 835 3154 nostrum
858 3092 1002 3153 auxilium
1018 3093 1153 3153 concita-

131 3180 238 3239 vimus.
285 3175 367 3247 Quid
394 3176 473 3238 enim
494 3175 648 3237 hominurn
669 3178 789 3239 milibus
811 3194 914 3239 Lxxx
936 3198 994 3239 uno
1018 3178 1082 3239 loco
1104 3178 1155 3239 in-

129 3265 263 3326 teriectis
296 3262 472 3343 propinquis
507 3263 795 3343 consanguineisque
829 3264 941 3326 nostris
970 3264 1063 3325 animi
1090 3266 1154 3326 fore

130 3350 328 3423 existimatiS,
363 3350 390 3410 si
417 3369 514 3429 paene
542 3349 573 3410 in
595 3348 669 3429 ipsis
694 3351 890 3411 cadaveribus
913 3349 1026 3429 proelio
1050 3351 1153 3411 decer·
1167 3375 1197 3413 ss

129 3446 195 3498 tare
218 3435 379 3517 cogentur?
421 3436 525 3498 Nolite
552 3435 611 3496 bos
630 3446 730 3498 vestro
754 3437 865 3498 auxilio
889 3436 1073 3516 exspoliare,
1103 3437 1153 3517 qui

130 3532 251 3584 vestrae
285 3523 393 3584 salutis
426 3542 518 3584 causa
550 3542 637 3584 suum
664 3523 827 3602 periculum
854 3523 1064 3602 neglexerunt,
1099 3543 1154 3585 neo

131 3610 262 3671 stultitia
289 3629 324 3671 ao
346 3610 518 3671 temeritate
539 3618 644 3671 vestra
667 3619 721 3671 aut
743 3609 836 3670 animi
857 3609 1062 3671 imbecillitate
1085 3629 1152 3671 om-

130 3715 199 3756 nem
222 3695 355 3757 Galliam
378 3705 569 3776 prosternere
593 3704 624 3757 et
646 3704 809 3776 perpetuae
836 3695 975 3757 servituti
998 3696 1152 3758 subiicere.

131 3782 200 3854 An,
225 3784 303 3862 quod
326 3784 365 3844 ad
388 3783 467 3844 diem
490 3802 551 3844 non
573 3792 735 3856 venerunt,
759 3783 796 3842 de
813 3801 915 3844 eorum
931 3782 990 3842 fide
1006 3791 1148 3844 constan·
1166 3808 1195 3847 so

129 3867 231 3946 tiaque
253 3868 423 3929 dubitatis?
456 3866 538 3937 Quid
554 3868 642 3949 ergo?
668 3869 824 3930 Romanos
840 3868 946 3930 inillis
962 3867 1151 3931 ulterioribus

129 3953 344 4015 munitionibus
360 3954 425 4016 sine
440 3974 532 4016 cause
543 3955 675 4033 quotidie
687 3956 817 4018 exerceri
828 3953 964 4036 putatis?
987 3953 1020 4016 Si
1032 3955 1151 4018 illorum
