2616 4492
171 255 211 319 16
497 272 545 317 nn
567 272 683 319 nunno
707 271 862 320 oannrco

171 411 330 472 adductum
357 408 547 471 Ariovistum
573 410 664 472 finem
684 409 800 472 iniuriis
821 409 978 471 iacturum.
1023 409 1091 473 Hac
1112 431 1186 473 ora·

171 496 252 557 tione
284 495 389 557 habita
415 494 570 556 concilium
598 495 718 557 dimisit.
761 496 803 557 Et
829 495 991 556 secundum
1013 515 1050 556 ea
1072 497 1187 560 multae

172 602 220 643 res
244 601 310 642 eum
332 581 543 655 hortabantur,
571 600 664 661 quare
691 580 750 643 sibi
772 601 837 643 eam
858 599 921 643 rem
944 580 1132 661 cogitandam
1156 591 1189 645 et

173 668 389 748 suscipiendam
412 675 549 747 putaret,
576 667 711 747 inprimis
733 668 811 748 qnod
832 665 958 729 Aeduos
980 667 1088 730 iratres
1109 687 1186 731 con·

142 755 412 834 asanguineosque
445 771 659 832 saepenumero
686 773 705 814 a
732 761 839 815 senatu
867 751 1035 833 appellatos
1062 753 1094 816 in
1115 774 1186 817 ser-

172 841 269 901 vitute
292 850 381 919 atque
402 839 434 901 in
455 839 570 901 dicione
585 839 708 902 videbat
723 838 941 902 Germanorum
955 839 1051 902 teneri
1066 858 1188 903 eorum-

174 946 231 1007 que
264 925 382 986 obsides
416 944 483 987 esse
510 927 591 1004 apud
617 924 805 988 Ariovistum
827 943 863 985 ac
884 922 1042 1005 Sequanos
1063 925 1188 989 intelle·

174 1013 279 1094 gebat,
303 1011 381 1091 quod
403 1011 435 1072 in
456 1020 541 1072 tanto
563 1011 688 1092 imperio
710 1011 813 1091 populi
833 1009 965 1072 Romani
979 1012 1189 1092 turpissimum

92 1146 96 1153 .
174 1099 232 1160 sibi
265 1106 295 1158 et
328 1097 507 1176 reipublicae
540 1117 607 1158 esse
640 1097 850 1159 arbitrabatur.
899 1095 1052 1159 Paulatim
1085 1109 1190 1161 autem

130 1211 160 1250 ιο
175 1183 342 1246 Gennanos
357 1202 549 1244 consuescere
559 1183 698 1246 Rhenum
714 1183 843 1245 transire
859 1181 934 1243 etin
949 1181 1084 1245 Galliam
1099 1205 1189 1265 mag-

174 1289 244 1331 nam
278 1288 378 1330 eorum
412 1269 631 1330 multitudinem
663 1269 764 1331 venire
796 1268 906 1349 populo
938 1268 1077 1332 Romano
1104 1270 1190 1350 peri-

175 1357 308 1417 culosum
339 1354 476 1428 videbat3
509 1374 605 1435 neque
632 1355 691 1417 sibi
716 1355 852 1418 homines
879 1355 958 1415 feros
984 1373 1020 1415 ac
1041 1357 1190 1418 barbaros

175 1449 394 1522 temperaturos
417 1440 622 1515 existimabat,
646 1441 732 1521 quin,
755 1460 820 1503 cum
844 1459 961 1502 omnem
984 1439 1116 1504 Galliam
1137 1461 1191 1504 oc-

175 1529 382 1608 cupavissent,
405 1535 440 1588 ut
461 1536 531 1588 ante
553 1527 665 1589 Cimbri
688 1527 875 1609 Teutonique
895 1525 1052 1600 iecissent,
1075 1527 1106 1589 in
1117 1547 1191 1609 prc-

132 1641 160 1679 ιιι
174 1615 302 1676 vinciam
326 1614 441 1675 exirent
462 1623 552 1694 atque
572 1613 642 1675 inde
663 1613 694 1675 in
716 1613 837 1674 Italiam
852 1613 1075 1688 contenderent,
1096 1633 1192 1696 prae-

176 1700 278 1763 sertim
306 1720 371 1761 cum
400 1699 557 1781 Sequanos
580 1719 600 1761 a
620 1699 774 1780 provincia
795 1707 900 1761 nostra
921 1698 1087 1761 Rhodanus
1111 1700 1193 1762 divi-

176 1789 269 1850 deret.
315 1783 431 1855 Quibus
454 1786 543 1848 rebus
566 1805 655 1866 quam
677 1786 853 1848 maturrime
874 1787 1083 1853 occurrendum
1098 1794 1193 1867 puts·

175 1874 238 1934 hat.
282 1872 351 1950 Ipse
379 1881 479 1933 antem
506 1871 679 1933 Ariovistus
701 1880 804 1933 tantos
826 1871 884 1933 sibi
905 1870 1044 1955 ophitus,
1073 1868 1194 1949 tantam

134 1957 380 2037 34arrogant1am
403 1966 588 2055 sumpserat,
610 1966 644 2018 nt
658 1959 798 2021 terendus
814 1977 874 2019 non
888 1956 1049 2020 violaretur
1072 1955 1195 2028 Quam-
1199 1956 1244 2035 Ι

133 2069 163 2108 ao
179 2047 280 2107 obrem
302 2042 460 2122 placuit'
438 2062 478 2116 er,
501 2051 536 2103 ut
557 2043 596 2105 ad
617 2041 808 2106 Aric'vistnm
830 2043 945 2124 legatos
969 2044 1117 2119 mitteret,
1140 2044 1194 2127 qui

178 2132 217 2193 ab
241 2148 275 2190 eo
297 2128 499 2207 postularent,
533 2127 578 2190 uti
605 2128 734 2210 aliquem
761 2128 856 2191 locum
884 2129 1013 2191 medium
1036 2131 1193 2212 utriusque

179 2214 335 2295 conloquio
369 2214 525 2294 deligeret:
558 2213 635 2275 velle
663 2235 730 2276 sese
758 2217 795 2277 de
818 2236 849 2277 re
871 2215 1045 2296 publica'et
1067 2217 1192 2280 summis

178 2303 333 2380 utriusque
364 2302 450 2362 rebus
483 2320 548 2362 cum
577 2319 611 2361 eo
641 2320 737 2382 agere
780 2302 819 2363 Ei
846 2301 989 2383 legationi
1014 2301 1193 2367 Ariovistus

179 2386 348 2468 respondit:
384 2385 418 2448 si
446 2386 515 2468 qnid
543 2385 601 2467 ipsi
629 2406 650 2449 a
675 2386 806 2451 Caesare
829 2408 904 2468 opus
927 2396 1024 2463 esset,
1058 2409 1126 2452 sese
1152 2390 1195 2453 ad

135 2499 165 2537 aa
180 2495 248 2537 eum
275 2481 433 2535 venturum
461 2473 567 2546 fnisse3
601 2472 722 2555 siquid
742 2472 794 2537 ille
816 2492 850 2537 se
872 2473 960 2547 velit,
993 2474 1076 2537 illum
1098 2477 1139 2539 ad
1160 2494 1195 2538 so

179 2561 281 2622 venire
304 2566 450 2639 oportere.
492 2559 658 2623 Praeterea
678 2578 712 2623 se
732 2578 828 2643 neque
847 2561 914 2623 sine
936 2561 1120 2623 exercituin
1141 2580 1194 2624 eas

179 2657 282 2728 partes
316 2644 437 2707 Galliae
468 2646 571 2707 venire
603 2646 727 2719 audere,
760 2663 837 2728 quas
869 2647 982 2708 Caesar
1008 2648 1194 2727 possideret,

180 2752 275 2813 neque
298 2730 458 2793 exercitum
480 2731 544 2793 sine
567 2751 675 2812 magno
696 2741 862 2795 commeatu
884 2741 974 2813 atque
995 2733 1195 2796 emolumento

180 2820 213 2881 in
234 2837 324 2879 unum
347 2817 444 2879 locum
465 2819 640 2881 contrahere
662 2837 761 2898 posse.
806 2819 871 2881 Sibi
893 2828 992 2880 autam
1015 2819 1122 2881 mirum
1144 2820 1195 2881 vi-

136 2930 167 2969 ιο
182 2904 261 2979 deri,
290 2904 361 2985 quid
382 2902 414 2967 in
436 2922 493 2967 sua
515 2903 632 2976 Gallia,
661 2924 751 2985 quam
772 2905 851 2966 bello
872 2905 1011 2978 vicisset,
1039 2915 1093 2968 eut
1114 2904 1196 2968 (lao-

181 2991 243 3054 sari
266 2999 319 3051 aut
341 2990 460 3052 omnino
482 2991 591 3071 populo
613 2990 751 3053 Romano
773 2991 885 3072 negotii
907 2999 996 3053 esset.

137 3083 173 3135 35
246 3077 302 3138 His
336 3075 501 3160 responsis,
523 3078 563 3138 ad
596 3077 757 3139 Caesarem
790 3078 894 3139 relatis
921 3077 1031 3139 iterum
1059 3075 1099 3138 ad
1126 3095 1195 3138 eum

181 3164 297 3226 Caesar
323 3163 440 3242 legatos
463 3181 528 3223 cnm
555 3163 602 3224 his
626 3163 778 3225 mandatis
800 3163 905 3226 mittit:
935 3162 1086 3233 Quoniam
1108 3171 1195 3225 tanto

181 3271 235 3313 suo
263 3249 423 3330 populique
449 3248 579 3311 Romani
601 3248 744 3312 beneficio
767 3251 914 3324 adlectus,
942 3269 1008 3312 cum
1029 3249 1062 3311 in
1084 3267 1196 3313 consu-

136 3363 167 3400 as
181 3338 245 3400 latu
278 3355 332 3398 suc
366 3355 419 3397 rex
451 3345 540 3417 atque
573 3336 684 3398 anricus
718 3354 738 3396 a
770 3343 877 3397 senatu
905 3336 1073 3417 appellatus
1097 3342 1195 3412 asset,

182 3425 260 3486 hanc
282 3421 339 3483 sibi
361 3422 529 3523 populoque
551 3422 689 3484 Romano
713 3420 840 3501 gratiam
863 3424 997 3495 reierret,
1019 3432 1054 3484 ut
1075 3421 1106 3483 in
1121 3439 1197 3482 con·

182 3511 313 3590 loquium
345 3509 449 3571 venire
482 3509 627 3571 invitatus
655 3516 832 3588 gravaretur
859 3528 955 3590 neque
982 3510 1020 3570 de
1047 3507 1197 3570 communi

182 3616 215 3658 re
248 3596 404 3657 dicendum
438 3595 495 3657 sibi
523 3605 554 3657 et
580 3595 814 3676 cognoscendum
842 3603 977 3676 putaret,
949 3593 1085 3656 thaec
1112 3608 1196 3666 esse,

71 3739 76 3765 ·
141 3793 170 3830 ι,
184 3680 774 3848 {thatterribilitate
792 3700 833 3829 ti
855 3679 1197 3839 ttttmmtltttltt

185 3853 290 3915 deinde
305 3851 442 3928 obsides,
465 3872 540 3932 quos
554 3853 680 3914 haberet
694 3854 733 3915 ab
748 3852 880 3926 Aeduis,
903 3854 1052 3926 redderet,
1076 3849 1197 3932 Sequa-

185 3938 289 4020 nisque
309 3939 511 4018 permitteret,
534 3947 583 4013 nt,
607 3957 681 4019 qnos
703 3939 747 4002 illi
767 3941 930 4015 haherent,
953 3938 1110 4001 voluntate
1132 3936 1198 4000 eius

1148 4114 1204 4173 ’.74
