2616 4492
198 264 240 329 38
522 283 571 329 nu
593 271 711 330 sunno
730 277 890 330 onnmco

196 418 297 501 pueris
320 420 552 501 mulieribusque
572 420 605 482 iu
626 421 780 482 aestuaria
801 440 837 483 ac
856 419 984 500 paludes
1004 420 1155 483 coniectos
1171 422 1220 483 di-

196 525 354 580 mamm,
387 507 446 568 hac
472 525 573 586 pugna
601 507 755 581 nuntiata,
785 527 851 569 cum
873 506 1037 568 victoribus
1060 508 1135 569 nihil
1157 508 1218 569 im-

196 593 346 674 peditum,
380 592 467 654 victis
500 592 575 653 nihil
601 602 698 655 tutum
721 594 950 668 arbitrarentur,
986 594 1133 666 omnium,
1168 595 1220 675 qui

197 688 392 759 supererant,
427 698 575 740 consensu
602 679 717 760 legatos
745 682 785 741 ad
813 680 975 741 Caesarem
999 681 1146 741 miserunt
1168 701 1218 742 se-

168 785 255 847 sque
282 767 310 827 ei
337 766 515 828 dediderunt
542 775 573 826 et
599 765 631 826 in
653 769 916 828 commemoranda
938 766 1069 828 civitatis
1092 767 1219 829 calami-

197 860 262 914 tate
286 872 324 934 ex
345 852 496 913 sexcentis
519 853 559 912 ad
581 861 643 913 tres
667 861 838 927 senatores,
863 873 901 914 ex
921 853 1075 914 hominurn
1098 853 1218 917 milibus

196 953 248 1000 Lx
269 938 322 999 vix
344 939 384 999 ad
406 939 600 1018 quingentos,
624 938 675 1018 qui
697 958 783 1000 arma
804 941 880 1001 ferre
902 948 1043 1018 possent,
1067 941 1218 1001 sesered-

198 1032 282 1086 actos
317 1045 383 1086 esse
416 1025 563 1086 dixerunt.
615 1022 700 1093 Quos
734 1024 857 1099 Caesar,
898 1035 932 1087 ut
964 1026 997 1086 in
1024 1025 1150 1087 miseros
1184 1045 1220 1088 ac

198 1109 346 1190 supplices
374 1131 446 1172 usus
475 1111 680 1172 misericordia
705 1111 868 1185 videretur,
897 1112 1124 1191 diligentissime
1145 1131 1220 1174 con-

154 1220 184 1259 so
198 1197 334 1258 servavit
361 1197 481 1277 suisque
507 1197 615 1258 finibus
639 1207 728 1278 atque
751 1199 871 1278 oppidis
894 1199 939 1259 uti
961 1199 1051 1260 iussit
1073 1208 1104 1259 et
1124 1199 1220 1286 finiti-

197 1283 255 1344 mis
276 1283 453 1362 imperavit,
476 1292 511 1344 ut
532 1285 571 1344 ab
593 1283 704 1344 iniuria
726 1294 757 1345 et
779 1285 923 1346 maleficio
946 1305 979 1346 se
1002 1304 1131 1365 suosque
1146 1304 1220 1366 pro·

197 1368 346 1431 biberent.
440 1377 443 1381 '
995 1448 997 1454 Ι

155 1461 189 1512 29
262 1455 431 1529 Aduatuci,
461 1457 498 1517 de
525 1456 632 1535 quibus
656 1456 960 1536 suprascripsimus,
989 1475 1056 1517 curn
1079 1457 1218 1519 omnibus

198 1542 293 1622 copiis
325 1542 436 1604 auxilio
469 1542 592 1604 Nerviis
625 1543 778 1618 venirent,
813 1543 870 1603 hac
896 1562 998 1623 pugna
1018 1543 1160 1605 nuntiata
1182 1563 1221 1605 ex

154 1628 182 1691 is
196 1629 304 1691 itinere
338 1630 459 1690 domurn
493 1638 695 1703 reverterunt3
729 1629 842 1691 cunctis
876 1629 994 1708 oppidis
1020 1629 1220 1711 vcastellisque

197 1715 325 1778 desertis
348 1735 404 1776 sua
427 1715 530 1778 omnia
551 1715 582 1776 in
605 1735 696 1777 unum
719 1716 862 1795 oppidum
884 1716 1001 1795 egregie
1024 1725 1135 1777 natura
1149 1736 1218 1778 mu-

197 1802 294 1878 nitum
328 1802 524 1863 contulerunt.
570 1799 659 1871 Quod
692 1821 757 1863 cum
792 1822 829 1863 ex
862 1802 999 1863 omnibus
1032 1801 1063 1862 in
1096 1802 1220 1864 'circuitu

197 1888 334 1969 partibus
368 1888 534 1949 altissimas
568 1908 658 1968 rupes
687 1890 902 1968 despectusque
923 1889 1065 1962 haberet,
1098 1909 1161 1951 una
1183 1909 1221 1951 ex

197 1983 287 2055 parte
319 1973 427 2035 leniter
460 1973 581 2035 acclivis
615 1975 715 2036 aditus
742 1975 774 2036 in
796 1974 986 2036 latitudinem
1008 1994 1068 2037 non
1091 1975 1220 2054 amplius

155 2085 184 2123 20
199 2060 392 2121 ducentorum
414 2060 524 2139 pedum
546 2060 785 2140 relinquebatur3
809 2079 896 2141 quem
920 2060 1021 2121 locum*
1039 2061 1150 2141 duplici
1173 2064 1222 2124 al-

198 2145 317 2207 tissimo
350 2165 434 2206 muro
468 2146 651 2208 munierant:
686 2157 750 2208 tum
783 2147 884 2226 magni
916 2147 1057 2226 ponderis
1085 2168 1162 2209 saxa
1189 2160 1221 2211 et

198 2241 378 2313 praeacutas
412 2233 513 2293 trabes
546 2232 578 2293 in
611 2253 695 2294 muro
729 2234 932 2294 conlocabant
977 2233 1040 2313 Ipsi
1069 2244 1156 2296 erant
1183 2255 1222 2297 ex

198 2318 330 2385 Cimbris
359 2319 563 2398 Teutonisque
590 2320 745 2399 prognati,
775 2320 839 2400 qui,
874 2339 939 2381 cum
961 2321 1019 2381 iter
1040 2320 1071 2381 in
1093 2322 1220 2400 provin-

197 2405 275 2466 ciam
309 2414 445 2465 nostram
480 2413 570 2484 atque
592 2405 715 2467 Italiam
736 2407 883 2477 facerent,
917 2406 954 2466 iis
981 2407 1218 2486 impedimentis,

155 2517 183 2556 aa
200 2511 277 2572 quae
305 2511 405 2552 secum
428 2511 518 2571 agere
541 2501 719 2572 asportare
743 2513 802 2553 non
824 2503 984 2572 poterant,
1012 2494 1087 2555 citra
1108 2495 1219 2557 flumen

199 2578 340 2641 Rhenum
375 2578 535 2660 depositis
553 2578 718 2639 custodiam
747 2599 785 2640 ex
812 2580 873 2640 suis
902 2600 938 2640 ac
958 2580 1142 2658 praesidium
1165 2601 1220 2642 sex

198 2664 283 2727 milia
309 2664 462 2725 hominurn
489 2683 550 2725 una
576 2665 767 2745 reliquerunt.
812 2666 853 2726 Hi
880 2675 951 2745 post
979 2686 1080 2727 eorum
1104 2668 1218 2729 obitum

200 2751 310 2812 multos
339 2769 435 2811 anuos
459 2769 478 2811 a
500 2751 634 2812 finitimis
652 2753 816 2831 'exagitath
844 2772 912 2813 cum
938 2751 1014 2813 alias
1036 2752 1147 2815 bellum
1169 2754 1219 2815 in-

199 2838 326 2910 ferrent,
361 2837 437 2897 alias
464 2837 591 2898 inlatum
620 2839 827 2911 defenderent,
856 2858 1003 2900 consensu
1026 2859 1128 2900 eorum
1151 2860 1219 2902 om·

156 2953 185 2991 ³0
200 2924 283 2985 nium
303 2943 378 3003 pace
399 2925 480 2993 lacta
501 2924 580 2984 hunc
601 2924 659 2985 sibi
682 2925 828 2986 domicilio
851 2925 947 2987 locum
971 2924 1152 3006 delegerunt.

156 3020 192 3073 30
264 3009 313 3071 Ac
337 3009 443 3090 primo
458 3011 592 3071 adventu
615 3012 761 3073 exercitus
785 3013 880 3073 nostri
906 3012 1024 3073 crebras
1048 3032 1085 3073 ex
1108 3013 1218 3092 oppido

200 3095 392 3160 excursiones
414 3096 564 3157 faciehant
586 3097 777 3178 parvulisque
799 3099 920 3179 proeliis
936 3119 1002 3183 curn
1018 3099 1128 3160 uostris
1144 3119 1218 3161 con-

198 3185 380 3257 tendebant.;
413 3192 522 3262 postea
552 3184 633 3245 vallo
666 3205 810 3264 passuum
842 3185 873 3246 in
902 3185 1023 3246 circuitu
1050 3186 1219 3265 quindecim

199 3272 314 3334 milium
336 3269 506 3350 crebrisque
529 3270 661 3331 castellis
684 3271 900 3333 circummuniti
923 3272 1031 3351 oppido
1055 3292 1122 3333 sess
1145 3292 1218 3334 con-

156 3366 184 3426 a's
199 3358 345 3421 tinebant.
388 3357 449 3418 Ubi
472 3356 567 3418 vineis
591 3358 666 3419 actis
690 3377 796 3438 aggere
819 3366 969 3419 exstructo
992 3358 1096 3419 turrim
1113 3360 1218 3438 procul

171 3476 175 3485 ·
199 3443 342 3506 constitui
363 3443 519 3518 viderunt,
543 3443 670 3522 primum
692 3445 820 3504 inridere
843 3463 879 3503 ex
900 3463 984 3505 muro
1008 3456 1097 3524 atque
1117 3445 1217 3506 incre-

199 3530 296 3611 pitare
328 3530 467 3601 vocibus,
502 3532 580 3609 quod
613 3540 701 3591 tanta
734 3530 914 3591 machinatio
942 3532 981 3591 ab
1008 3541 1094 3592 tanto
1118 3532 1217 3611 spatio

121 3672 123 3675 ,
199 3616 412 3688 instrueretur3
436 3617 616 3695 quibusnam
638 3617 776 3677 manibus
801 3626 853 3677 aut
875 3617 981 3697 quibus
996 3619 1109 3678 viribus
1124 3638 1217 3697 prae-

201 3703 305 3763 sertim
326 3702 461 3763 humines
482 3702 617 3762 tantulae
637 3711 772 3763 staturae
786 3739 829 3748 —
844 3722 913 3764 nam
928 3705 1101 3784 plemmque
1118 3706 1218 3767 omni-

158 3825 187 3862 40
200 3789 257 3849 bus
291 3787 388 3848 Gallis
421 3808 494 3867 prae
522 3789 726 3867 magnitudine
753 3809 908 3869 corporum
936 3811 1055 3852 suorum
1082 3790 1219 3856 brevitas

202 3882 306 3935 nostra
339 3874 521 3954 contemptui
553 3883 600 3934 est
631 3911 674 3920 -—
705 3876 784 3936 tanti
817 3877 914 3938 oneris
941 3878 1046 3939 turrim
1073 3877 1105 3939 in
1131 3897 1218 3942 muro

158 3977 190 4028 31
203 3979 270 4024 sese
297 3961 451 4023 conlocare
484 3961 685 4023 confiderent?
728 3963 788 4025 Ubi
814 3983 886 4026 vero
914 3965 1028 4027 moveri
1050 3975 1081 4027 et
1102 3964 1216 4045 adpro-
