2616 4492
316 344 318 348 .
386 313 456 359 um.
471 312 537 360 ma
560 312 637 360 cnr.
655 295 790 360 lte-20.
1058 294 1103 361 ta

82 451 181 532 operis
209 450 361 513 firmitudo
388 459 478 531 atque
501 471 538 513 ea
559 470 660 514 rerum
681 460 808 524 natura,
836 460 885 524 ut,
919 470 978 532 quo
1006 452 1103 515 maior

81 538 128 599 vis
156 556 253 619 aquae
280 557 314 599 se
340 536 546 611 incitavisset,
573 538 631 599 hoc
652 538 747 599 artius
769 537 898 618 inligata
919 546 1101 601 tenerentur.

80 625 165 686 Haec
198 624 313 685 directa
345 624 475 685 materia
505 625 616 686 iniecta
642 625 879 691 contexebantur
900 643 936 685 ac
958 624 1102 705 longuriis

81 710 272 791 cratibusque
300 711 584 784 consternebantur3
618 730 654 772 ac
680 700 773 771 nihilo
801 711 897 772 setius
919 710 1051 772 sublicae
1072 720 1103 773 et

82 798 122 857 ad
143 797 312 858 inferiorem
334 805 452 876 partem
473 797 604 859 fluminis
620 797 738 877 oblique
754 798 931 877 agebantur,
954 815 1033 877 quae
1047 816 1130 877 pros

82 883 175 944 ariete
204 883 356 944 subiectae
384 893 414 944 et
441 902 507 944 cum
537 883 618 944 omni
645 903 734 963 opere
762 884 938 945 coniunctae
960 883 1021 944 vim
1043 883 1103 945 ilu-

82 969 171 1031 minis
205 968 390 1049 exciperent,
425 978 456 1030 et
488 969 567 1031 aliae
594 970 665 1031 item
693 988 786 1049 supra
811 979 933 1050 pontem
962 970 1103 1031 mediocri

82 1055 198 1135 spatio,
220 1062 269 1127 ut,
292 1055 319 1116 si
341 1056 480 1117 arbomm
503 1057 601 1117 trunci
623 1055 689 1117 sive
710 1074 805 1117 naves
827 1055 983 1118 deiiciendi
1003 1056 1102 1137 operis

83 1151 185 1203 essent
206 1160 226 1202 a
247 1141 385 1202 barbaris
408 1142 535 1216 missae,
569 1143 616 1203 his
645 1141 853 1204 defensoribus
879 1161 980 1203 earum
1002 1161 1102 1219 rerum

82 1227 130 1289 vis
152 1228 348 1302 minueretur,
371 1247 430 1289 neu
451 1228 536 1308 ponti
558 1220 707 1290 nocerent.
1117 1251 1147 1289 so

146 1314 262 1375 Diebus
285 1315 402 1386 decem,
425 1314 533 1394 quibus
557 1314 684 1376 materia
706 1323 813 1394 coepta
827 1323 895 1375 erat
909 1313 1102 1393 comportari,
1114 1318 1146 1369 18

84 1400 164 1462 omui
186 1419 275 1480 opere
298 1401 402 1461 effecto
425 1401 574 1462 exercitus
597 1400 772 1463 traducitur.
801 1399 916 1461 Caesar
930 1400 971 1460 ad
985 1409 1104 1461 utram·

83 1505 141 1566 que
161 1496 279 1566 partem
301 1486 401 1566 pontis
424 1487 509 1548 firmo
531 1487 684 1566 praesidio
706 1486 808 1547 relicto
830 1486 861 1547 in
878 1487 954 1546 fines
970 1485 1104 1566 Sugam-

82 1573 204 1634 brorum
232 1572 394 1634 contendit.
438 1572 563 1633 Interim
591 1592 611 1634 a
638 1571 839 1652 compluribus
867 1571 1041 1633 civitatibus
1063 1572 1104 1633 ad

84 1678 152 1720 eum
173 1658 266 1739 legati
287 1658 427 1733 veniunt3
450 1658 558 1738 quibus
580 1678 684 1738 pacem
707 1668 798 1738 atque
820 1658 981 1719 amicitiam
995 1667 1104 1737 peten-
1118 1681 1146 1720 rs

83 1744 166 1805 tibus
193 1744 358 1805 liberaliter
385 1744 543 1824 respondit
564 1744 742 1824 obsidesque
765 1745 804 1805 ad
826 1764 860 1805 se
882 1743 990 1804 adduci
1011 1744 1103 1806 iubet

85 1830 246 1912 Sugambri
274 1849 311 1891 ex
333 1849 368 1891 eo
391 1838 543 1910 tempore,
572 1849 630 1910 quo
658 1850 735 1911 pons
756 1830 875 1891 institui
896 1839 1019 1909 coeptus
1041 1839 1103 1907 est,

84 1918 156 1997 fuga
182 1925 360 1996 comparata
380 1916 572 1978 hortantibus
594 1916 648 1991 iis,
677 1934 752 1997 quos
775 1935 812 1977 ex
834 1916 989 1978 Tencteris
1012 1926 1105 1998 atque

83 2003 262 2085 Usipetibus
285 2003 365 2082 apud
380 2022 414 2064 se
427 2003 596 2075 habebant,
619 2003 729 2064 finibus
744 2002 806 2063 suis
822 2012 1014 2064 excesserant
1029 2022 1104 2064 sua-

84 2109 141 2170 que
168 2089 270 2151 omnia
297 2097 534 2170 exportaverant
561 2108 651 2170 seque
678 2090 710 2151 in
738 2089 930 2150 solitudinem
953 2108 989 2150 ac
1010 2089 1104 2152 silvas
1118 2112 1149 2152 so

85 2175 272 2238 abdiderant.

149 2261 264 2324 Caesar
285 2280 397 2342 pancos
420 2261 538 2323 diesin
561 2281 661 2324 eorum
684 2262 794 2324 finibus
817 2272 950 2324 moratus
966 2262 1104 2325 omuibus
1115 2265 1148 2319 19

85 2349 159 2410 vicis
186 2348 388 2428 aedificiisque
414 2348 546 2410 incensis
573 2349 789 2431 frumentisque
813 2349 935 2410 succisis
957 2350 1042 2410 sein
1066 2350 1105 2412 fi-

86 2454 141 2496 nes
162 2435 308 2498 Ubiorum
331 2435 456 2515 recepit,
485 2445 576 2515 atque
598 2435 636 2497 iis
659 2436 804 2497 auxilium
826 2454 914 2496 suum
934 2435 1103 2515 pollicitus,

86 2521 113 2582 si
135 2521 175 2582 ab
197 2520 307 2583 Suevis
328 2530 547 2601 premerentur,
576 2521 651 2583 haec
671 2523 710 2583 ab
732 2523 770 2583 iis
792 2521 946 2602 cognovit:
971 2521 1104 2598 Suevos,
1118 2544 1148 2583 as

86 2617 283 2687 posteaquam
315 2627 370 2686 per
404 2607 609 2687 exploratores
635 2617 759 2688 pontem
786 2608 850 2669 fieri
873 2609 1105 2688 comperissent,

88 2712 171 2754 more
198 2713 252 2754 suo
280 2693 403 2754 concilio
430 2693 534 2755 habito
562 2694 683 2755 nuntios
710 2694 741 2755 iu
764 2712 867 2754 omnes
889 2702 992 2774 partes
1015 2695 1106 2757 dimi-

88 2779 179 2852 sisse,
203 2779 248 2839 uti
270 2779 307 2838 de
329 2778 448 2858 oppidis
471 2778 685 2860 demigrarent,
709 2780 835 2855 liberos,
859 2799 968 2842 uxores
992 2800 1107 2863 suaque

89 2864 190 2924 omnia
216 2864 247 2924 in
275 2863 360 2924 silvis
383 2864 568 2943 deponerent
589 2875 679 2947 atque
700 2884 821 2940 omnes,
849 2867 901 2946 qui
922 2886 1009 2928 arma
1029 2869 1106 2929 ferre

88 2958 229 3029 possent,
252 2967 344 3009 uuum
365 2948 398 3009 in
419 2949 516 3011 locum
538 2952 746 3013 convenirent:
770 2952 849 3013 hunc
870 2971 937 3013 esse
960 2953 1107 3015 delectum
1120 2976 1151 3014 so

90 3035 219 3096 medium
240 3035 300 3095 fere
322 3034 476 3113 regionum
499 3054 617 3108 earum,
640 3056 716 3117 quas
738 3037 830 3100 Suevi
852 3038 1035 3100 obtinerent:
1058 3038 1109 3101 hio

88 3122 295 3185 Romanorum
318 3121 480 3185 adventum
503 3131 676 3200 exspectare
698 3132 789 3203 abque
810 3123 852 3185 ihi
867 3123 1019 3185 decertare
1034 3144 1108 3186 con-

91 3208 236 3270 stituisse.
281 3204 371 3276 Quod
398 3206 449 3267 ubi
477 3205 590 3267 Caesar
612 3209 769 3287 comperit,
798 3208 936 3271 omuibus
958 3210 1047 3271 rebus
1069 3211 1108 3272 iis

90 3294 247 3368 confectis,
277 3312 401 3374 quarum
429 3312 529 3354 rerum
556 3311 648 3354 causa
669 3295 827 3356 traducere
849 3296 1012 3356 exercitum
1034 3314 1108 3358 con·

90 3382 247 3455 stituerat,
280 3390 315 3441 ut
342 3378 503 3441 Germanis
531 3387 645 3440 metum
671 3380 822 3453 iniiceret,
856 3390 891 3442 ut
923 3380 1107 3462 Sugambros
1121 3405 1150 3445 aa

89 3468 291 3540 ulcisceretur,
319 3475 354 3527 ut
380 3465 475 3527 Ubios
499 3465 653 3528 obsidione
675 3466 831 3541 liberaret,
858 3467 963 3528 diebus
987 3469 1107 3532 omnino

91 3557 195 3627 domm
217 3561 248 3614 et
269 3562 336 3614 octo
359 3562 443 3613 trans
464 3551 604 3613 Rhenum
626 3553 810 3632 consumptis
833 3553 909 3614 satis
932 3562 964 3615 et
985 3557 1025 3618 ad
1040 3556 1109 3617 lau-

91 3642 157 3703 dem
186 3649 216 3700 et
243 3641 282 3700 ad
304 3639 465 3701 utilitatem
491 3640 656 3718 profectum
679 3638 843 3701 arbitratus
866 3641 952 3703 sein
975 3640 1108 3705 Galliam

90 3727 201 3807 recepit
222 3735 403 3805 pontemque
425 3725 555 3787 rescidit.

156 3813 275 3892 Exigua
301 3821 390 3892 parte
416 3812 544 3873 aestatis
567 3812 684 3892 reliqua
706 3811 829 3885 Caesar,
859 3812 916 3873 etsi
937 3810 969 3872 in
990 3810 1038 3873 his
1060 3812 1151 3874 lo·20

92 3900 150 3973 cis,
172 3900 254 3981 quod
276 3898 373 3960 omnis
396 3897 499 3960 Gallia
521 3900 561 3961 ad
576 3899 819 3978 septemtrionem
835 3899 947 3980 vergit,
971 3907 1108 3960 maturae
1122 3926 1146 3962 41

94 3995 166 4049 sunt
195 3984 326 4060 hiemes,
360 3993 463 4047 minen
489 3985 520 4046 in
547 3985 739 4048 Britanniam
764 3986 912 4066 proficisci
939 3985 1107 4060 contendit,
