<?xml version="1.0" encoding="UTF-8"?>
<!DOCTYPE html PUBLIC "-//W3C//DTD XHTML 1.0 Transitional//EN"
    "http://www.w3.org/TR/xhtml1/DTD/xhtml1-transitional.dtd">
<html xmlns="http://www.w3.org/1999/xhtml" xml:lang="en" lang="en">
 <head>
  <title>
</title>
<meta http-equiv="Content-Type" content="text/html;charset=utf-8" />
  <meta name='ocr-system' content='tesseract 3.04.00' />
  <meta name='ocr-capabilities' content='ocr_page ocr_carea ocr_par ocr_line ocrx_word'/>
</head>
<body>
  <div class='ocr_page' id='page_1' title='image "./debellogallicol00friggoog_0045.png"; bbox 0 0 2616 4492; ppageno 0'>
   <div class='ocr_carea' id='block_1_1' title="bbox 214 272 910 339">
    <p class='ocr_par' dir='ltr' id='par_1_1' title="bbox 214 272 910 339">
     <span class='ocr_line' id='line_1_1' title="bbox 214 272 910 339; baseline 0.006 -4"><span class='ocrx_word' id='word_1_1' title='bbox 214 272 259 335; x_wconf 82' lang='lat'><strong>22</strong></span> <span class='ocrx_word' id='word_1_2' title='bbox 544 290 592 337; x_wconf 78' lang='lat' dir='ltr'><strong>ors</strong></span> <span class='ocrx_word' id='word_1_3' title='bbox 614 291 732 339; x_wconf 75' lang='lat' dir='ltr'><strong>uncto</strong></span> <span class='ocrx_word' id='word_1_4' title='bbox 755 291 910 339; x_wconf 77' lang='lat' dir='ltr'><strong>esunrco</strong></span> 
     </span>
    </p>
   </div>
   <div class='ocr_carea' id='block_1_2' title="bbox 183 424 1274 4051">
    <p class='ocr_par' dir='ltr' id='par_1_2' title="bbox 183 424 1274 4051">
     <span class='ocr_line' id='line_1_2' title="bbox 218 424 1243 513; baseline -0.004 -24"><span class='ocrx_word' id='word_1_5' title='bbox 218 445 281 489; x_wconf 94' lang='lat' dir='ltr'><strong>non</strong></span> <span class='ocrx_word' id='word_1_6' title='bbox 302 437 503 508; x_wconf 76' lang='lat' dir='ltr'><strong>aucupante,</strong></span> <span class='ocrx_word' id='word_1_7' title='bbox 526 431 581 491; x_wconf 85' lang='lat' dir='ltr'><strong>sed</strong></span> <span class='ocrx_word' id='word_1_8' title='bbox 601 439 741 513; x_wconf 85' lang='lat' dir='ltr'><strong>rogatum</strong></span> <span class='ocrx_word' id='word_1_9' title='bbox 764 439 796 493; x_wconf 89' lang='lat' dir='ltr'><strong>et</strong></span> <span class='ocrx_word' id='word_1_10' title='bbox 817 428 993 492; x_wconf 87' lang='lat' dir='ltr'><strong>accersitum</strong></span> <span class='ocrx_word' id='word_1_11' title='bbox 1007 446 1027 489; x_wconf 91' lang='lat' dir='ltr'><strong>a</strong></span> <span class='ocrx_word' id='word_1_12' title='bbox 1041 424 1158 499; x_wconf 81' lang='lat' dir='ltr'><strong>Gallis3</strong></span> <span class='ocrx_word' id='word_1_13' title='bbox 1179 443 1243 486; x_wconf 91' lang='lat' dir='ltr'><strong>non</strong></span> 
     </span>
     <span class='ocr_line' id='line_1_3' title="bbox 220 511 1243 598; baseline -0.004 -23"><span class='ocrx_word' id='word_1_14' title='bbox 220 512 286 576; x_wconf 87' lang='lat' dir='ltr'><strong>sine</strong></span> <span class='ocrx_word' id='word_1_15' title='bbox 312 532 422 595; x_wconf 87' lang='lat' dir='ltr'><strong>magna</strong></span> <span class='ocrx_word' id='word_1_16' title='bbox 449 533 504 594; x_wconf 89' lang='lat' dir='ltr'><strong>spe</strong></span> <span class='ocrx_word' id='word_1_17' title='bbox 530 517 706 597; x_wconf 79' lang='lat' dir='ltr'><strong>magnisque</strong></span> <span class='ocrx_word' id='word_1_18' title='bbox 728 517 871 598; x_wconf 86' lang='lat' dir='ltr'><strong>praemiis</strong></span> <span class='ocrx_word' id='word_1_19' title='bbox 893 517 1016 576; x_wconf 92' lang='lat' dir='ltr'><strong>domum</strong></span> <span class='ocrx_word' id='word_1_20' title='bbox 1037 511 1243 592; x_wconf 90' lang='lat' dir='ltr'><strong>propinquos-</strong></span> 
     </span>
     <span class='ocr_line' id='line_1_4' title="bbox 222 598 1243 681; baseline -0.004 -20"><span class='ocrx_word' id='word_1_21' title='bbox 222 618 280 681; x_wconf 88' lang='lat' dir='ltr'><strong>que</strong></span> <span class='ocrx_word' id='word_1_22' title='bbox 312 599 485 681; x_wconf 82' lang='lat' dir='ltr'><strong>reliquisse3</strong></span> <span class='ocrx_word' id='word_1_23' title='bbox 518 603 605 665; x_wconf 87' lang='lat' dir='ltr'><strong>sedes</strong></span> <span class='ocrx_word' id='word_1_24' title='bbox 631 602 744 666; x_wconf 80' lang='lat' dir='ltr'><strong>bebere</strong></span> <span class='ocrx_word' id='word_1_25' title='bbox 770 604 803 666; x_wconf 94' lang='lat' dir='ltr'><strong>in</strong></span> <span class='ocrx_word' id='word_1_26' title='bbox 831 601 933 664; x_wconf 85' lang='lat' dir='ltr'><strong>Gallia</strong></span> <span class='ocrx_word' id='word_1_27' title='bbox 955 600 995 662; x_wconf 86' lang='lat' dir='ltr'><strong>ab</strong></span> <span class='ocrx_word' id='word_1_28' title='bbox 1017 598 1092 678; x_wconf 89' lang='lat' dir='ltr'><strong>ipsis</strong></span> <span class='ocrx_word' id='word_1_29' title='bbox 1115 616 1243 661; x_wconf 88' lang='lat' dir='ltr'><strong>eonces-</strong></span> 
     </span>
     <span class='ocr_line' id='line_1_5' title="bbox 222 685 1245 766; baseline -0.007 -16"><span class='ocrx_word' id='word_1_30' title='bbox 222 704 292 760; x_wconf 82' lang='lat' dir='ltr'><strong>sos,</strong></span> <span class='ocrx_word' id='word_1_31' title='bbox 321 686 442 749; x_wconf 91' lang='lat' dir='ltr'><strong>obsides</strong></span> <span class='ocrx_word' id='word_1_32' title='bbox 464 686 597 766; x_wconf 89' lang='lat' dir='ltr'><strong>ipsorum</strong></span> <span class='ocrx_word' id='word_1_33' title='bbox 618 689 776 752; x_wconf 90' lang='lat' dir='ltr'><strong>voluntate</strong></span> <span class='ocrx_word' id='word_1_34' title='bbox 798 691 903 762; x_wconf 84' lang='lat' dir='ltr'><strong>dat0s3</strong></span> <span class='ocrx_word' id='word_1_35' title='bbox 930 685 1113 765; x_wconf 82' lang='lat' dir='ltr'><strong>stipendium</strong></span> <span class='ocrx_word' id='word_1_36' title='bbox 1135 701 1245 764; x_wconf 91' lang='lat' dir='ltr'><strong>capere</strong></span> 
     </span>
     <span class='ocr_line' id='line_1_6' title="bbox 194 769 1245 855; baseline -0.009 -17"><span class='ocrx_word' id='word_1_37' title='bbox 194 771 288 839; x_wconf 80' lang='lat' dir='ltr'><strong>eiuro</strong></span> <span class='ocrx_word' id='word_1_38' title='bbox 308 772 396 847; x_wconf 90' lang='lat' dir='ltr'><strong>belli,</strong></span> <span class='ocrx_word' id='word_1_39' title='bbox 419 774 499 854; x_wconf 90' lang='lat' dir='ltr'><strong>quod</strong></span> <span class='ocrx_word' id='word_1_40' title='bbox 520 774 651 837; x_wconf 86' lang='lat' dir='ltr'><strong>victores</strong></span> <span class='ocrx_word' id='word_1_41' title='bbox 673 775 762 837; x_wconf 83' lang='lat' dir='ltr'><strong>victis</strong></span> <span class='ocrx_word' id='word_1_42' title='bbox 785 776 937 855; x_wconf 79' lang='lat' dir='ltr'><strong>imponere</strong></span> <span class='ocrx_word' id='word_1_43' title='bbox 960 770 1141 834; x_wconf 83' lang='lat' dir='ltr'><strong>consuerint.</strong></span> <span class='ocrx_word' id='word_1_44' title='bbox 1172 769 1245 830; x_wconf 90' lang='lat' dir='ltr'><strong>Non</strong></span> 
     </span>
     <span class='ocr_line' id='line_1_7' title="bbox 224 853 1274 946; baseline -0.006 -25"><span class='ocrx_word' id='word_1_45' title='bbox 224 877 292 921; x_wconf 85' lang='lat' dir='ltr'><strong>sese</strong></span> <span class='ocrx_word' id='word_1_46' title='bbox 313 857 428 946; x_wconf 87' lang='lat' dir='ltr'><strong>Gallis,</strong></span> <span class='ocrx_word' id='word_1_47' title='bbox 451 860 506 920; x_wconf 91' lang='lat' dir='ltr'><strong>sed</strong></span> <span class='ocrx_word' id='word_1_48' title='bbox 528 859 636 924; x_wconf 87' lang='lat' dir='ltr'><strong>Gallos</strong></span> <span class='ocrx_word' id='word_1_49' title='bbox 659 862 716 924; x_wconf 90' lang='lat' dir='ltr'><strong>sibi</strong></span> <span class='ocrx_word' id='word_1_50' title='bbox 737 862 850 923; x_wconf 89' lang='lat' dir='ltr'><strong>bellum</strong></span> <span class='ocrx_word' id='word_1_51' title='bbox 865 859 1019 922; x_wconf 86' lang='lat' dir='ltr'><strong>intulisse:</strong></span> <span class='ocrx_word' id='word_1_52' title='bbox 1043 875 1148 918; x_wconf 87' lang='lat' dir='ltr'><strong>omnes</strong></span> <span class='ocrx_word' id='word_1_53' title='bbox 1163 853 1245 917; x_wconf 86' lang='lat' dir='ltr'><strong>Gal·</strong></span> <span class='ocrx_word' id='word_1_54' title='bbox 1272 893 1274 895; x_wconf 74' lang='lat'><strong>.</strong></span> 
     </span>
     <span class='ocr_line' id='line_1_8' title="bbox 222 943 1246 1029; baseline -0.005 -23"><span class='ocrx_word' id='word_1_55' title='bbox 222 943 300 1007; x_wconf 87' lang='lat' dir='ltr'><strong>liae-</strong></span> <span class='ocrx_word' id='word_1_56' title='bbox 316 944 455 1007; x_wconf 87' lang='lat' dir='ltr'><strong>civitates</strong></span> <span class='ocrx_word' id='word_1_57' title='bbox 488 947 528 1008; x_wconf 92' lang='lat' dir='ltr'><strong>ad</strong></span> <span class='ocrx_word' id='word_1_58' title='bbox 554 967 588 1009; x_wconf 90' lang='lat' dir='ltr'><strong>se</strong></span> <span class='ocrx_word' id='word_1_59' title='bbox 616 948 848 1029; x_wconf 87' lang='lat' dir='ltr'><strong>oppugnandum</strong></span> <span class='ocrx_word' id='word_1_60' title='bbox 875 946 996 1008; x_wconf 86' lang='lat' dir='ltr'><strong>venisse</strong></span> <span class='ocrx_word' id='word_1_61' title='bbox 1023 962 1060 1022; x_wconf 85' lang='lat' dir='ltr'><strong>ac</strong></span> <span class='ocrx_word' id='word_1_62' title='bbox 1082 951 1188 1003; x_wconf 84' lang='lat' dir='ltr'><strong>contra</strong></span> <span class='ocrx_word' id='word_1_63' title='bbox 1210 959 1246 1002; x_wconf 92' lang='lat' dir='ltr'><strong>se</strong></span> 
     </span>
     <span class='ocr_line' id='line_1_9' title="bbox 225 1027 1246 1114; baseline -0.005 -22"><span class='ocrx_word' id='word_1_64' title='bbox 225 1036 328 1092; x_wconf 82' lang='lat' dir='ltr'><strong>eastra</strong></span> <span class='ocrx_word' id='word_1_65' title='bbox 348 1031 507 1106; x_wconf 81' lang='lat' dir='ltr'><strong>habuisse3</strong></span> <span class='ocrx_word' id='word_1_66' title='bbox 531 1052 583 1095; x_wconf 90' lang='lat' dir='ltr'><strong>eas</strong></span> <span class='ocrx_word' id='word_1_67' title='bbox 606 1054 710 1097; x_wconf 88' lang='lat' dir='ltr'><strong>omnes</strong></span> <span class='ocrx_word' id='word_1_68' title='bbox 733 1035 835 1114; x_wconf 87' lang='lat' dir='ltr'><strong>copias</strong></span> <span class='ocrx_word' id='word_1_69' title='bbox 858 1053 880 1094; x_wconf 88' lang='lat' dir='ltr'><strong>a</strong></span> <span class='ocrx_word' id='word_1_70' title='bbox 900 1052 934 1094; x_wconf 89' lang='lat' dir='ltr'><strong>se</strong></span> <span class='ocrx_word' id='word_1_71' title='bbox 955 1049 1015 1092; x_wconf 92' lang='lat' dir='ltr'><strong>uno</strong></span> <span class='ocrx_word' id='word_1_72' title='bbox 1036 1027 1150 1110; x_wconf 91' lang='lat' dir='ltr'><strong>proelio</strong></span> <span class='ocrx_word' id='word_1_73' title='bbox 1173 1027 1246 1107; x_wconf 91' lang='lat' dir='ltr'><strong>pul·</strong></span> 
     </span>
     <span class='ocr_line' id='line_1_10' title="bbox 225 1115 1248 1199; baseline -0.004 -21"><span class='ocrx_word' id='word_1_74' title='bbox 225 1135 278 1179; x_wconf 85' lang='lat' dir='ltr'><strong>ses</strong></span> <span class='ocrx_word' id='word_1_75' title='bbox 299 1135 336 1179; x_wconf 89' lang='lat' dir='ltr'><strong>ac</strong></span> <span class='ocrx_word' id='word_1_76' title='bbox 357 1128 517 1197; x_wconf 85' lang='lat' dir='ltr'><strong>superatas</strong></span> <span class='ocrx_word' id='word_1_77' title='bbox 533 1139 608 1182; x_wconf 88' lang='lat' dir='ltr'><strong>esse.</strong></span> <span class='ocrx_word' id='word_1_78' title='bbox 642 1120 677 1184; x_wconf 88' lang='lat' dir='ltr'><strong>Si</strong></span> <span class='ocrx_word' id='word_1_79' title='bbox 690 1122 799 1183; x_wconf 89' lang='lat' dir='ltr'><strong>iterum</strong></span> <span class='ocrx_word' id='word_1_80' title='bbox 815 1118 944 1199; x_wconf 83' lang='lat' dir='ltr'><strong>experiri</strong></span> <span class='ocrx_word' id='word_1_81' title='bbox 958 1116 1068 1189; x_wconf 81' lang='lat' dir='ltr'><strong>velint,</strong></span> <span class='ocrx_word' id='word_1_82' title='bbox 1091 1135 1124 1176; x_wconf 92' lang='lat' dir='ltr'><strong>se</strong></span> <span class='ocrx_word' id='word_1_83' title='bbox 1135 1115 1248 1176; x_wconf 90' lang='lat' dir='ltr'><strong>iterum</strong></span> 
     </span>
     <span class='ocr_line' id='line_1_11' title="bbox 183 1202 1247 1287; baseline -0.008 -18"><span class='ocrx_word' id='word_1_84' title='bbox 183 1230 212 1269; x_wconf 77' lang='lat' dir='ltr'><strong>uo</strong></span> <span class='ocrx_word' id='word_1_85' title='bbox 225 1211 367 1285; x_wconf 72' lang='lat' dir='ltr'><strong>paratum</strong></span> <span class='ocrx_word' id='word_1_86' title='bbox 389 1223 457 1266; x_wconf 87' lang='lat' dir='ltr'><strong>esse</strong></span> <span class='ocrx_word' id='word_1_87' title='bbox 479 1206 647 1282; x_wconf 81' lang='lat' dir='ltr'><strong>decertare3</strong></span> <span class='ocrx_word' id='word_1_88' title='bbox 675 1208 702 1270; x_wconf 96' lang='lat' dir='ltr'><strong>si</strong></span> <span class='ocrx_word' id='word_1_89' title='bbox 723 1226 797 1287; x_wconf 89' lang='lat' dir='ltr'><strong>pace</strong></span> <span class='ocrx_word' id='word_1_90' title='bbox 819 1206 864 1267; x_wconf 89' lang='lat' dir='ltr'><strong>nti</strong></span> <span class='ocrx_word' id='word_1_91' title='bbox 886 1204 997 1277; x_wconf 89' lang='lat' dir='ltr'><strong>velint,</strong></span> <span class='ocrx_word' id='word_1_92' title='bbox 1019 1202 1155 1282; x_wconf 89' lang='lat' dir='ltr'><strong>iniquum</strong></span> <span class='ocrx_word' id='word_1_93' title='bbox 1178 1218 1247 1261; x_wconf 88' lang='lat' dir='ltr'><strong>esse</strong></span> 
     </span>
     <span class='ocr_line' id='line_1_12' title="bbox 226 1288 1247 1374; baseline -0.005 -23"><span class='ocrx_word' id='word_1_94' title='bbox 226 1288 265 1351; x_wconf 87' lang='lat' dir='ltr'><strong>de</strong></span> <span class='ocrx_word' id='word_1_95' title='bbox 285 1288 435 1370; x_wconf 88' lang='lat' dir='ltr'><strong>stipendio</strong></span> <span class='ocrx_word' id='word_1_96' title='bbox 457 1310 610 1369; x_wconf 86' lang='lat' dir='ltr'><strong>recusare,</strong></span> <span class='ocrx_word' id='word_1_97' title='bbox 644 1295 724 1374; x_wconf 90' lang='lat' dir='ltr'><strong>quod</strong></span> <span class='ocrx_word' id='word_1_98' title='bbox 752 1313 809 1354; x_wconf 89' lang='lat' dir='ltr'><strong>sua</strong></span> <span class='ocrx_word' id='word_1_99' title='bbox 829 1292 987 1353; x_wconf 84' lang='lat' dir='ltr'><strong>voluntate</strong></span> <span class='ocrx_word' id='word_1_100' title='bbox 1009 1290 1049 1350; x_wconf 92' lang='lat' dir='ltr'><strong>ad</strong></span> <span class='ocrx_word' id='word_1_101' title='bbox 1070 1288 1108 1349; x_wconf 90' lang='lat' dir='ltr'><strong>id</strong></span> <span class='ocrx_word' id='word_1_102' title='bbox 1124 1295 1247 1366; x_wconf 84' lang='lat' dir='ltr'><strong>tempus</strong></span> 
     </span>
     <span class='ocr_line' id='line_1_13' title="bbox 226 1375 1247 1459; baseline -0.003 -23"><span class='ocrx_word' id='word_1_103' title='bbox 226 1376 431 1456; x_wconf 82' lang='lat' dir='ltr'><strong>pependerint.</strong></span> <span class='ocrx_word' id='word_1_104' title='bbox 475 1376 651 1441; x_wconf 82' lang='lat' dir='ltr'><strong>Amicitiam</strong></span> <span class='ocrx_word' id='word_1_105' title='bbox 684 1379 787 1459; x_wconf 92' lang='lat' dir='ltr'><strong>populi</strong></span> <span class='ocrx_word' id='word_1_106' title='bbox 818 1377 950 1440; x_wconf 80' lang='lat' dir='ltr'><strong>Romani</strong></span> <span class='ocrx_word' id='word_1_107' title='bbox 983 1375 1042 1437; x_wconf 85' lang='lat' dir='ltr'><strong>sibi</strong></span> <span class='ocrx_word' id='word_1_108' title='bbox 1069 1381 1247 1435; x_wconf 81' lang='lat' dir='ltr'><strong>ornamento</strong></span> 
     </span>
     <span class='ocr_line' id='line_1_14' title="bbox 227 1460 1251 1547; baseline -0.003 -25"><span class='ocrx_word' id='word_1_109' title='bbox 227 1468 259 1523; x_wconf 90' lang='lat' dir='ltr'><strong>et</strong></span> <span class='ocrx_word' id='word_1_110' title='bbox 283 1463 449 1543; x_wconf 86' lang='lat' dir='ltr'><strong>praesidio,</strong></span> <span class='ocrx_word' id='word_1_111' title='bbox 483 1484 543 1526; x_wconf 93' lang='lat' dir='ltr'><strong>non</strong></span> <span class='ocrx_word' id='word_1_112' title='bbox 566 1466 742 1528; x_wconf 88' lang='lat' dir='ltr'><strong>detrimento</strong></span> <span class='ocrx_word' id='word_1_113' title='bbox 765 1484 833 1527; x_wconf 89' lang='lat' dir='ltr'><strong>esse</strong></span> <span class='ocrx_word' id='word_1_114' title='bbox 854 1472 1008 1547; x_wconf 88' lang='lat' dir='ltr'><strong>oportere,</strong></span> <span class='ocrx_word' id='word_1_115' title='bbox 1034 1460 1128 1541; x_wconf 76' lang='lat' dir='ltr'><strong>¹idque</strong></span> <span class='ocrx_word' id='word_1_116' title='bbox 1155 1477 1189 1520; x_wconf 94' lang='lat' dir='ltr'><strong>se</strong></span> <span class='ocrx_word' id='word_1_117' title='bbox 1211 1477 1251 1520; x_wconf 92' lang='lat' dir='ltr'><strong>ea</strong></span> 
     </span>
     <span class='ocr_line' id='line_1_15' title="bbox 227 1546 1249 1632; baseline -0.005 -22"><span class='ocrx_word' id='word_1_118' title='bbox 227 1566 282 1629; x_wconf 83' lang='lat' dir='ltr'><strong>spe</strong></span> <span class='ocrx_word' id='word_1_119' title='bbox 309 1549 431 1628; x_wconf 89' lang='lat' dir='ltr'><strong>petisse.</strong></span> <span class='ocrx_word' id='word_1_120' title='bbox 476 1548 511 1612; x_wconf 88' lang='lat' dir='ltr'><strong>Si</strong></span> <span class='ocrx_word' id='word_1_121' title='bbox 537 1572 593 1631; x_wconf 93' lang='lat' dir='ltr'><strong>per</strong></span> <span class='ocrx_word' id='word_1_122' title='bbox 618 1552 764 1632; x_wconf 89' lang='lat' dir='ltr'><strong>populum</strong></span> <span class='ocrx_word' id='word_1_123' title='bbox 791 1551 965 1613; x_wconf 81' lang='lat' dir='ltr'><strong>Romanum</strong></span> <span class='ocrx_word' id='word_1_124' title='bbox 992 1546 1175 1627; x_wconf 89' lang='lat' dir='ltr'><strong>stipendium</strong></span> <span class='ocrx_word' id='word_1_125' title='bbox 1197 1563 1249 1606; x_wconf 91' lang='lat' dir='ltr'><strong>re-</strong></span> 
     </span>
     <span class='ocr_line' id='line_1_16' title="bbox 184 1633 1250 1712; baseline -0.011 -9"><span class='ocrx_word' id='word_1_126' title='bbox 184 1633 367 1703; x_wconf 79' lang='lat' dir='ltr'><strong>remittatur</strong></span> <span class='ocrx_word' id='word_1_127' title='bbox 387 1644 418 1697; x_wconf 87' lang='lat' dir='ltr'><strong>et</strong></span> <span class='ocrx_word' id='word_1_128' title='bbox 440 1636 573 1703; x_wconf 85' lang='lat' dir='ltr'><strong>dediticii</strong></span> <span class='ocrx_word' id='word_1_129' title='bbox 594 1640 823 1712; x_wconf 85' lang='lat' dir='ltr'><strong>subtrahantur,</strong></span> <span class='ocrx_word' id='word_1_130' title='bbox 842 1654 909 1701; x_wconf 77' lang='lat' dir='ltr'><strong>mon</strong></span> <span class='ocrx_word' id='word_1_131' title='bbox 922 1635 1022 1699; x_wconf 79' lang='lat' dir='ltr'><strong>ninus</strong></span> <span class='ocrx_word' id='word_1_132' title='bbox 1038 1633 1167 1694; x_wconf 86' lang='lat' dir='ltr'><strong>libenter</strong></span> <span class='ocrx_word' id='word_1_133' title='bbox 1181 1650 1250 1693; x_wconf 89' lang='lat' dir='ltr'><strong>sese</strong></span> 
     </span>
     <span class='ocr_line' id='line_1_17' title="bbox 227 1717 1267 1804; baseline -0.005 -21"><span class='ocrx_word' id='word_1_134' title='bbox 227 1730 434 1784; x_wconf 83' lang='lat' dir='ltr'><strong>recusaturum</strong></span> <span class='ocrx_word' id='word_1_135' title='bbox 466 1724 570 1804; x_wconf 91' lang='lat' dir='ltr'><strong>populi</strong></span> <span class='ocrx_word' id='word_1_136' title='bbox 601 1724 732 1787; x_wconf 90' lang='lat' dir='ltr'><strong>Romani</strong></span> <span class='ocrx_word' id='word_1_137' title='bbox 760 1722 924 1787; x_wconf 82' lang='lat' dir='ltr'><strong>amicitiam</strong></span> <span class='ocrx_word' id='word_1_138' title='bbox 951 1739 1042 1801; x_wconf 88' lang='lat' dir='ltr'><strong>quam</strong></span> <span class='ocrx_word' id='word_1_139' title='bbox 1076 1717 1267 1799; x_wconf 69' lang='lat' dir='ltr'><strong>adpetierit‘</strong></span> 
     </span>
     <span class='ocr_line' id='line_1_18' title="bbox 229 1803 1251 1878; baseline -0.003 -9"><span class='ocrx_word' id='word_1_140' title='bbox 229 1803 318 1878; x_wconf 85' lang='lat' dir='ltr'><strong>Quod</strong></span> <span class='ocrx_word' id='word_1_141' title='bbox 340 1809 560 1873; x_wconf 89' lang='lat' dir='ltr'><strong>multitudinem</strong></span> <span class='ocrx_word' id='word_1_142' title='bbox 583 1810 804 1875; x_wconf 86' lang='lat' dir='ltr'><strong>Germanorum</strong></span> <span class='ocrx_word' id='word_1_143' title='bbox 826 1808 858 1873; x_wconf 91' lang='lat' dir='ltr'><strong>iu</strong></span> <span class='ocrx_word' id='word_1_144' title='bbox 880 1807 1015 1871; x_wconf 83' lang='lat' dir='ltr'><strong>Galliam</strong></span> <span class='ocrx_word' id='word_1_145' title='bbox 1038 1807 1195 1878; x_wconf 86' lang='lat' dir='ltr'><strong>traducat,</strong></span> <span class='ocrx_word' id='word_1_146' title='bbox 1217 1803 1251 1866; x_wconf 92' lang='lat' dir='ltr'><strong>id</strong></span> 
     </span>
     <span class='ocr_line' id='line_1_19' title="bbox 229 1893 1251 1976; baseline -0.004 -21"><span class='ocrx_word' id='word_1_147' title='bbox 229 1911 263 1955; x_wconf 90' lang='lat' dir='ltr'><strong>se</strong></span> <span class='ocrx_word' id='word_1_148' title='bbox 284 1893 332 1955; x_wconf 89' lang='lat' dir='ltr'><strong>sui</strong></span> <span class='ocrx_word' id='word_1_149' title='bbox 352 1896 520 1971; x_wconf 91' lang='lat' dir='ltr'><strong>muniendi,</strong></span> <span class='ocrx_word' id='word_1_150' title='bbox 549 1916 609 1958; x_wconf 93' lang='lat' dir='ltr'><strong>non</strong></span> <span class='ocrx_word' id='word_1_151' title='bbox 631 1898 752 1960; x_wconf 85' lang='lat' dir='ltr'><strong>Galliae</strong></span> <span class='ocrx_word' id='word_1_152' title='bbox 773 1896 994 1976; x_wconf 72' lang='lat' dir='ltr'><strong>impugnandae</strong></span> <span class='ocrx_word' id='word_1_153' title='bbox 1022 1910 1115 1954; x_wconf 84' lang='lat' dir='ltr'><strong>causa</strong></span> <span class='ocrx_word' id='word_1_154' title='bbox 1135 1893 1251 1952; x_wconf 85' lang='lat' dir='ltr'><strong>iacere:</strong></span> 
     </span>
     <span class='ocr_line' id='line_1_20' title="bbox 230 1975 1254 2064; baseline -0.002 -24"><span class='ocrx_word' id='word_1_155' title='bbox 230 1978 294 2041; x_wconf 88' lang='lat' dir='ltr'><strong>eius</strong></span> <span class='ocrx_word' id='word_1_156' title='bbox 315 1980 359 2042; x_wconf 91' lang='lat' dir='ltr'><strong>rei</strong></span> <span class='ocrx_word' id='word_1_157' title='bbox 380 1982 584 2044; x_wconf 89' lang='lat' dir='ltr'><strong>testimonium</strong></span> <span class='ocrx_word' id='word_1_158' title='bbox 606 2003 689 2058; x_wconf 88' lang='lat' dir='ltr'><strong>esse,</strong></span> <span class='ocrx_word' id='word_1_159' title='bbox 718 1985 797 2064; x_wconf 89' lang='lat' dir='ltr'><strong>quod</strong></span> <span class='ocrx_word' id='word_1_160' title='bbox 825 1983 884 2044; x_wconf 92' lang='lat' dir='ltr'><strong>nisi</strong></span> <span class='ocrx_word' id='word_1_161' title='bbox 905 1989 1028 2062; x_wconf 88' lang='lat' dir='ltr'><strong>rogatus</strong></span> <span class='ocrx_word' id='word_1_162' title='bbox 1050 1997 1112 2040; x_wconf 92' lang='lat' dir='ltr'><strong>non</strong></span> <span class='ocrx_word' id='word_1_163' title='bbox 1132 1975 1254 2039; x_wconf 80' lang='lat' dir='ltr'><strong>venerit</strong></span> 
     </span>
     <span class='ocr_line' id='line_1_21' title="bbox 187 2062 1252 2144; baseline 0.001 -18"><span class='ocrx_word' id='word_1_164' title='bbox 187 2094 216 2133; x_wconf 66' lang='grc' dir='ltr'><strong>ιο</strong></span> <span class='ocrx_word' id='word_1_165' title='bbox 231 2072 263 2126; x_wconf 90' lang='lat' dir='ltr'><strong>et</strong></span> <span class='ocrx_word' id='word_1_166' title='bbox 289 2067 370 2144; x_wconf 91' lang='lat' dir='ltr'><strong>quod</strong></span> <span class='ocrx_word' id='word_1_167' title='bbox 396 2067 507 2139; x_wconf 92' lang='lat' dir='ltr'><strong>bellum</strong></span> <span class='ocrx_word' id='word_1_168' title='bbox 535 2082 595 2130; x_wconf 87' lang='lat' dir='ltr'><strong>non</strong></span> <span class='ocrx_word' id='word_1_169' title='bbox 621 2070 771 2144; x_wconf 91' lang='lat' dir='ltr'><strong>intulerit,</strong></span> <span class='ocrx_word' id='word_1_170' title='bbox 806 2071 859 2131; x_wconf 89' lang='lat' dir='ltr'><strong>sed</strong></span> <span class='ocrx_word' id='word_1_171' title='bbox 882 2066 1057 2129; x_wconf 82' lang='lat' dir='ltr'><strong>defenderit.</strong></span> <span class='ocrx_word' id='word_1_172' title='bbox 1102 2062 1252 2144; x_wconf 82' lang='lat' dir='ltr'><strong>seprius</strong></span> 
     </span>
     <span class='ocr_line' id='line_1_22' title="bbox 230 2150 1253 2236; baseline -0.002 -24"><span class='ocrx_word' id='word_1_173' title='bbox 230 2150 263 2212; x_wconf 95' lang='lat' dir='ltr'><strong>in</strong></span> <span class='ocrx_word' id='word_1_174' title='bbox 286 2150 418 2214; x_wconf 87' lang='lat' dir='ltr'><strong>Galliam</strong></span> <span class='ocrx_word' id='word_1_175' title='bbox 440 2155 576 2229; x_wconf 90' lang='lat' dir='ltr'><strong>venisse,</strong></span> <span class='ocrx_word' id='word_1_176' title='bbox 599 2175 690 2236; x_wconf 92' lang='lat' dir='ltr'><strong>quam</strong></span> <span class='ocrx_word' id='word_1_177' title='bbox 704 2155 847 2236; x_wconf 89' lang='lat' dir='ltr'><strong>populum</strong></span> <span class='ocrx_word' id='word_1_178' title='bbox 862 2154 1043 2216; x_wconf 86' lang='lat' dir='ltr'><strong>Romanum.</strong></span> <span class='ocrx_word' id='word_1_179' title='bbox 1075 2151 1253 2231; x_wconf 83' lang='lat' dir='ltr'><strong>Numquam</strong></span> 
     </span>
     <span class='ocr_line' id='line_1_23' title="bbox 232 2236 1253 2321; baseline -0.001 -22"><span class='ocrx_word' id='word_1_180' title='bbox 232 2244 304 2299; x_wconf 87' lang='lat' dir='ltr'><strong>ante</strong></span> <span class='ocrx_word' id='word_1_181' title='bbox 335 2236 393 2301; x_wconf 91' lang='lat' dir='ltr'><strong>hoc</strong></span> <span class='ocrx_word' id='word_1_182' title='bbox 419 2248 536 2321; x_wconf 90' lang='lat' dir='ltr'><strong>tempus</strong></span> <span class='ocrx_word' id='word_1_183' title='bbox 565 2243 725 2304; x_wconf 87' lang='lat' dir='ltr'><strong>exercitum</strong></span> <span class='ocrx_word' id='word_1_184' title='bbox 752 2240 856 2321; x_wconf 91' lang='lat' dir='ltr'><strong>populi</strong></span> <span class='ocrx_word' id='word_1_185' title='bbox 883 2239 1014 2302; x_wconf 89' lang='lat' dir='ltr'><strong>Romani</strong></span> <span class='ocrx_word' id='word_1_186' title='bbox 1036 2236 1156 2300; x_wconf 87' lang='lat' dir='ltr'><strong>Galliae</strong></span> <span class='ocrx_word' id='word_1_187' title='bbox 1177 2255 1253 2317; x_wconf 88' lang='lat' dir='ltr'><strong>pro-</strong></span> 
     </span>
     <span class='ocr_line' id='line_1_24' title="bbox 224 2323 1253 2409; baseline -0.003 -23"><span class='ocrx_word' id='word_1_188' title='bbox 224 2323 349 2386; x_wconf 77' lang='lat' dir='ltr'><strong>&#39;vinciae</strong></span> <span class='ocrx_word' id='word_1_189' title='bbox 376 2326 486 2389; x_wconf 91' lang='lat' dir='ltr'><strong>finibus</strong></span> <span class='ocrx_word' id='word_1_190' title='bbox 510 2337 670 2409; x_wconf 81' lang='lat' dir='ltr'><strong>egressum.</strong></span> <span class='ocrx_word' id='word_1_191' title='bbox 716 2326 797 2398; x_wconf 82' lang='lat' dir='ltr'><strong>Quid</strong></span> <span class='ocrx_word' id='word_1_192' title='bbox 819 2327 878 2389; x_wconf 90' lang='lat' dir='ltr'><strong>sibi</strong></span> <span class='ocrx_word' id='word_1_193' title='bbox 899 2326 1005 2401; x_wconf 88' lang='lat' dir='ltr'><strong>vellet,</strong></span> <span class='ocrx_word' id='word_1_194' title='bbox 1040 2344 1092 2386; x_wconf 92' lang='lat' dir='ltr'><strong>cur</strong></span> <span class='ocrx_word' id='word_1_195' title='bbox 1118 2324 1151 2384; x_wconf 94' lang='lat' dir='ltr'><strong>in</strong></span> <span class='ocrx_word' id='word_1_196' title='bbox 1179 2341 1253 2384; x_wconf 88' lang='lat' dir='ltr'><strong>suas</strong></span> 
     </span>
     <span class='ocr_line' id='line_1_25' title="bbox 232 2407 1253 2491; baseline -0.003 -19"><span class='ocrx_word' id='word_1_197' title='bbox 232 2411 441 2491; x_wconf 89' lang='lat' dir='ltr'><strong>possessiones</strong></span> <span class='ocrx_word' id='word_1_198' title='bbox 468 2415 605 2477; x_wconf 86' lang='lat' dir='ltr'><strong>veniret?</strong></span> <span class='ocrx_word' id='word_1_199' title='bbox 647 2415 840 2477; x_wconf 85' lang='lat' dir='ltr'><strong>Provinciam</strong></span> <span class='ocrx_word' id='word_1_200' title='bbox 869 2433 955 2475; x_wconf 87' lang='lat' dir='ltr'><strong>suam</strong></span> <span class='ocrx_word' id='word_1_201' title='bbox 983 2412 1061 2473; x_wconf 88' lang='lat' dir='ltr'><strong>hanc</strong></span> <span class='ocrx_word' id='word_1_202' title='bbox 1083 2429 1150 2471; x_wconf 84' lang='lat' dir='ltr'><strong>esse</strong></span> <span class='ocrx_word' id='word_1_203' title='bbox 1173 2407 1253 2471; x_wconf 88' lang='lat' dir='ltr'><strong>Gal-</strong></span> 
     </span>
     <span class='ocr_line' id='line_1_26' title="bbox 189 2496 1254 2580; baseline -0.009 -15"><span class='ocrx_word' id='word_1_204' title='bbox 189 2526 218 2565; x_wconf 77' lang='lat' dir='ltr'><strong>as</strong></span> <span class='ocrx_word' id='word_1_205' title='bbox 233 2496 320 2572; x_wconf 85' lang='lat' dir='ltr'><strong>liam,</strong></span> <span class='ocrx_word' id='word_1_206' title='bbox 349 2498 428 2561; x_wconf 90' lang='lat' dir='ltr'><strong>sicut</strong></span> <span class='ocrx_word' id='word_1_207' title='bbox 453 2499 536 2562; x_wconf 90' lang='lat' dir='ltr'><strong>illam</strong></span> <span class='ocrx_word' id='word_1_208' title='bbox 564 2510 705 2563; x_wconf 86' lang='lat' dir='ltr'><strong>nostram.</strong></span> <span class='ocrx_word' id='word_1_209' title='bbox 749 2501 792 2563; x_wconf 89' lang='lat' dir='ltr'><strong>Ut</strong></span> <span class='ocrx_word' id='word_1_210' title='bbox 819 2501 879 2580; x_wconf 90' lang='lat' dir='ltr'><strong>ipsi</strong></span> <span class='ocrx_word' id='word_1_211' title='bbox 901 2498 1024 2561; x_wconf 87' lang='lat' dir='ltr'><strong>concedi</strong></span> <span class='ocrx_word' id='word_1_212' title='bbox 1045 2515 1106 2557; x_wconf 95' lang='lat' dir='ltr'><strong>non</strong></span> <span class='ocrx_word' id='word_1_213' title='bbox 1129 2503 1254 2576; x_wconf 89' lang='lat' dir='ltr'><strong>oporte-</strong></span> 
     </span>
     <span class='ocr_line' id='line_1_27' title="bbox 233 2584 1254 2671; baseline -0.004 -25"><span class='ocrx_word' id='word_1_214' title='bbox 233 2592 296 2658; x_wconf 87' lang='lat' dir='ltr'><strong>ret,</strong></span> <span class='ocrx_word' id='word_1_215' title='bbox 319 2584 346 2648; x_wconf 92' lang='lat' dir='ltr'><strong>si</strong></span> <span class='ocrx_word' id='word_1_216' title='bbox 367 2584 399 2646; x_wconf 92' lang='lat' dir='ltr'><strong>in</strong></span> <span class='ocrx_word' id='word_1_217' title='bbox 420 2596 538 2648; x_wconf 88' lang='lat' dir='ltr'><strong>nostros</strong></span> <span class='ocrx_word' id='word_1_218' title='bbox 561 2588 802 2671; x_wconf 84' lang='lat' dir='ltr'><strong>finesimpetum</strong></span> <span class='ocrx_word' id='word_1_219' title='bbox 823 2588 945 2659; x_wconf 79' lang='lat' dir='ltr'><strong>faceret,</strong></span> <span class='ocrx_word' id='word_1_220' title='bbox 968 2585 1012 2646; x_wconf 90' lang='lat' dir='ltr'><strong>sic</strong></span> <span class='ocrx_word' id='word_1_221' title='bbox 1026 2584 1097 2644; x_wconf 90' lang='lat' dir='ltr'><strong>item</strong></span> <span class='ocrx_word' id='word_1_222' title='bbox 1113 2601 1169 2643; x_wconf 88' lang='lat' dir='ltr'><strong>nos</strong></span> <span class='ocrx_word' id='word_1_223' title='bbox 1185 2599 1254 2643; x_wconf 90' lang='lat' dir='ltr'><strong>esse</strong></span> 
     </span>
     <span class='ocr_line' id='line_1_28' title="bbox 233 2667 1253 2753; baseline -0.005 -20"><span class='ocrx_word' id='word_1_224' title='bbox 233 2670 369 2753; x_wconf 85' lang='lat' dir='ltr'><strong>iniquos,</strong></span> <span class='ocrx_word' id='word_1_225' title='bbox 393 2672 496 2753; x_wconf 91' lang='lat' dir='ltr'><strong>quiin</strong></span> <span class='ocrx_word' id='word_1_226' title='bbox 519 2693 573 2735; x_wconf 90' lang='lat' dir='ltr'><strong>suo</strong></span> <span class='ocrx_word' id='word_1_227' title='bbox 595 2674 659 2738; x_wconf 87' lang='lat' dir='ltr'><strong>iure</strong></span> <span class='ocrx_word' id='word_1_228' title='bbox 682 2690 716 2736; x_wconf 89' lang='lat' dir='ltr'><strong>se</strong></span> <span class='ocrx_word' id='word_1_229' title='bbox 737 2672 1004 2752; x_wconf 82' lang='lat' dir='ltr'><strong>interpellaremus.</strong></span> <span class='ocrx_word' id='word_1_230' title='bbox 1038 2667 1128 2738; x_wconf 84' lang='lat' dir='ltr'><strong>Quod</strong></span> <span class='ocrx_word' id='word_1_231' title='bbox 1142 2669 1253 2729; x_wconf 85' lang='lat' dir='ltr'><strong>fratres</strong></span> 
     </span>
     <span class='ocr_line' id='line_1_29' title="bbox 234 2756 1254 2839; baseline -0.007 -18"><span class='ocrx_word' id='word_1_232' title='bbox 234 2756 360 2821; x_wconf 89' lang='lat' dir='ltr'><strong>Aeduos</strong></span> <span class='ocrx_word' id='word_1_233' title='bbox 383 2760 551 2839; x_wconf 90' lang='lat' dir='ltr'><strong>appellatos</strong></span> <span class='ocrx_word' id='word_1_234' title='bbox 574 2760 701 2835; x_wconf 90' lang='lat' dir='ltr'><strong>diceret,</strong></span> <span class='ocrx_word' id='word_1_235' title='bbox 735 2779 796 2821; x_wconf 91' lang='lat' dir='ltr'><strong>non</strong></span> <span class='ocrx_word' id='word_1_236' title='bbox 824 2779 857 2821; x_wconf 89' lang='lat' dir='ltr'><strong>se</strong></span> <span class='ocrx_word' id='word_1_237' title='bbox 885 2767 948 2819; x_wconf 89' lang='lat' dir='ltr'><strong>tam</strong></span> <span class='ocrx_word' id='word_1_238' title='bbox 969 2756 1133 2818; x_wconf 87' lang='lat' dir='ltr'><strong>barbarum</strong></span> <span class='ocrx_word' id='word_1_239' title='bbox 1155 2772 1254 2837; x_wconf 85' lang='lat' dir='ltr'><strong>neque</strong></span> 
     </span>
     <span class='ocr_line' id='line_1_30' title="bbox 234 2839 1254 2925; baseline -0.005 -19"><span class='ocrx_word' id='word_1_240' title='bbox 234 2853 300 2906; x_wconf 85' lang='lat' dir='ltr'><strong>tam</strong></span> <span class='ocrx_word' id='word_1_241' title='bbox 331 2845 500 2925; x_wconf 89' lang='lat' dir='ltr'><strong>imperitum</strong></span> <span class='ocrx_word' id='word_1_242' title='bbox 534 2867 600 2908; x_wconf 88' lang='lat' dir='ltr'><strong>esse</strong></span> <span class='ocrx_word' id='word_1_243' title='bbox 633 2866 748 2922; x_wconf 86' lang='lat' dir='ltr'><strong>rernm,</strong></span> <span class='ocrx_word' id='word_1_244' title='bbox 782 2855 816 2907; x_wconf 90' lang='lat' dir='ltr'><strong>ut</strong></span> <span class='ocrx_word' id='word_1_245' title='bbox 848 2864 910 2906; x_wconf 93' lang='lat' dir='ltr'><strong>non</strong></span> <span class='ocrx_word' id='word_1_246' title='bbox 937 2844 1029 2906; x_wconf 89' lang='lat' dir='ltr'><strong>sciret</strong></span> <span class='ocrx_word' id='word_1_247' title='bbox 1054 2860 1151 2923; x_wconf 88' lang='lat' dir='ltr'><strong>neque</strong></span> <span class='ocrx_word' id='word_1_248' title='bbox 1172 2839 1254 2902; x_wconf 89' lang='lat' dir='ltr'><strong>bello</strong></span> 
     </span>
     <span class='ocr_line' id='line_1_31' title="bbox 192 2926 1255 3012; baseline -0.009 -15"><span class='ocrx_word' id='word_1_249' title='bbox 192 2960 221 2997; x_wconf 86' lang='lat' dir='ltr'><strong>eo</strong></span> <span class='ocrx_word' id='word_1_250' title='bbox 235 2929 433 3012; x_wconf 84' lang='lat' dir='ltr'><strong>Allobrogum</strong></span> <span class='ocrx_word' id='word_1_251' title='bbox 465 2934 601 3012; x_wconf 88' lang='lat' dir='ltr'><strong>proximo</strong></span> <span class='ocrx_word' id='word_1_252' title='bbox 634 2934 759 2995; x_wconf 91' lang='lat' dir='ltr'><strong>Aeduos</strong></span> <span class='ocrx_word' id='word_1_253' title='bbox 792 2931 940 2995; x_wconf 84' lang='lat' dir='ltr'><strong>Romanis</strong></span> <span class='ocrx_word' id='word_1_254' title='bbox 973 2929 1117 2992; x_wconf 86' lang='lat' dir='ltr'><strong>auxilium</strong></span> <span class='ocrx_word' id='word_1_255' title='bbox 1145 2926 1255 2989; x_wconf 92' lang='lat' dir='ltr'><strong>tulisse</strong></span> 
     </span>
     <span class='ocr_line' id='line_1_32' title="bbox 236 3014 1257 3100; baseline -0.004 -22"><span class='ocrx_word' id='word_1_256' title='bbox 236 3036 332 3098; x_wconf 89' lang='lat' dir='ltr'><strong>neque</strong></span> <span class='ocrx_word' id='word_1_257' title='bbox 359 3017 440 3096; x_wconf 90' lang='lat' dir='ltr'><strong>ipsos</strong></span> <span class='ocrx_word' id='word_1_258' title='bbox 468 3018 500 3080; x_wconf 93' lang='lat' dir='ltr'><strong>in</strong></span> <span class='ocrx_word' id='word_1_259' title='bbox 526 3020 564 3081; x_wconf 90' lang='lat' dir='ltr'><strong>iis</strong></span> <span class='ocrx_word' id='word_1_260' title='bbox 594 3020 849 3093; x_wconf 87' lang='lat' dir='ltr'><strong>contentionibus,</strong></span> <span class='ocrx_word' id='word_1_261' title='bbox 878 3038 954 3100; x_wconf 85' lang='lat' dir='ltr'><strong>quas</strong></span> <span class='ocrx_word' id='word_1_262' title='bbox 976 3014 1078 3079; x_wconf 88' lang='lat' dir='ltr'><strong>Aedui</strong></span> <span class='ocrx_word' id='word_1_263' title='bbox 1100 3033 1202 3076; x_wconf 89' lang='lat' dir='ltr'><strong>secum</strong></span> <span class='ocrx_word' id='word_1_264' title='bbox 1225 3022 1257 3075; x_wconf 89' lang='lat' dir='ltr'><strong>et</strong></span> 
     </span>
     <span class='ocr_line' id='line_1_33' title="bbox 235 3101 1256 3186; baseline -0.007 -18"><span class='ocrx_word' id='word_1_265' title='bbox 235 3125 303 3168; x_wconf 90' lang='lat' dir='ltr'><strong>cum</strong></span> <span class='ocrx_word' id='word_1_266' title='bbox 336 3103 485 3184; x_wconf 86' lang='lat' dir='ltr'><strong>Sequanis</strong></span> <span class='ocrx_word' id='word_1_267' title='bbox 517 3106 710 3180; x_wconf 86' lang='lat' dir='ltr'><strong>habuissent,</strong></span> <span class='ocrx_word' id='word_1_268' title='bbox 744 3106 855 3168; x_wconf 82' lang='lat' dir='ltr'><strong>auxilio</strong></span> <span class='ocrx_word' id='word_1_269' title='bbox 888 3103 991 3186; x_wconf 91' lang='lat' dir='ltr'><strong>populi</strong></span> <span class='ocrx_word' id='word_1_270' title='bbox 1022 3101 1155 3164; x_wconf 89' lang='lat' dir='ltr'><strong>Romani</strong></span> <span class='ocrx_word' id='word_1_271' title='bbox 1182 3119 1256 3162; x_wconf 90' lang='lat' dir='ltr'><strong>usos</strong></span> 
     </span>
     <span class='ocr_line' id='line_1_34' title="bbox 237 3187 1254 3271; baseline -0.007 -17"><span class='ocrx_word' id='word_1_272' title='bbox 237 3212 315 3254; x_wconf 90' lang='lat' dir='ltr'><strong>esse.</strong></span> <span class='ocrx_word' id='word_1_273' title='bbox 356 3190 475 3252; x_wconf 90' lang='lat' dir='ltr'><strong>Debere</strong></span> <span class='ocrx_word' id='word_1_274' title='bbox 508 3213 540 3253; x_wconf 90' lang='lat' dir='ltr'><strong>se</strong></span> <span class='ocrx_word' id='word_1_275' title='bbox 573 3193 719 3271; x_wconf 90' lang='lat' dir='ltr'><strong>suspicari</strong></span> <span class='ocrx_word' id='word_1_276' title='bbox 747 3193 891 3253; x_wconf 87' lang='lat' dir='ltr'><strong>simulata</strong></span> <span class='ocrx_word' id='word_1_277' title='bbox 919 3190 1080 3252; x_wconf 86' lang='lat' dir='ltr'><strong>Caesarem</strong></span> <span class='ocrx_word' id='word_1_278' title='bbox 1103 3187 1254 3260; x_wconf 86' lang='lat' dir='ltr'><strong>amicitia,</strong></span> 
     </span>
     <span class='ocr_line' id='line_1_35' title="bbox 237 3274 1257 3358; baseline -0.005 -19"><span class='ocrx_word' id='word_1_279' title='bbox 237 3279 317 3358; x_wconf 91' lang='lat' dir='ltr'><strong>quod</strong></span> <span class='ocrx_word' id='word_1_280' title='bbox 349 3277 510 3340; x_wconf 86' lang='lat' dir='ltr'><strong>exercitum</strong></span> <span class='ocrx_word' id='word_1_281' title='bbox 532 3279 563 3339; x_wconf 93' lang='lat' dir='ltr'><strong>in</strong></span> <span class='ocrx_word' id='word_1_282' title='bbox 586 3277 689 3340; x_wconf 87' lang='lat' dir='ltr'><strong>Gallia</strong></span> <span class='ocrx_word' id='word_1_283' title='bbox 710 3278 839 3351; x_wconf 85' lang='lat' dir='ltr'><strong>habeat,</strong></span> <span class='ocrx_word' id='word_1_284' title='bbox 873 3277 920 3338; x_wconf 90' lang='lat' dir='ltr'><strong>sui</strong></span> <span class='ocrx_word' id='word_1_285' title='bbox 947 3274 1134 3356; x_wconf 87' lang='lat' dir='ltr'><strong>opprimendi</strong></span> <span class='ocrx_word' id='word_1_286' title='bbox 1162 3292 1257 3335; x_wconf 85' lang='lat' dir='ltr'><strong>causa</strong></span> 
     </span>
     <span class='ocr_line' id='line_1_36' title="bbox 193 3360 1257 3444; baseline -0.005 -17"><span class='ocrx_word' id='word_1_287' title='bbox 193 3391 221 3428; x_wconf 80' lang='lat' dir='ltr'><strong>ss</strong></span> <span class='ocrx_word' id='word_1_288' title='bbox 235 3364 357 3426; x_wconf 85' lang='lat' dir='ltr'><strong>habere.</strong></span> <span class='ocrx_word' id='word_1_289' title='bbox 407 3360 467 3432; x_wconf 81' lang='lat' dir='ltr'><strong>Qui</strong></span> <span class='ocrx_word' id='word_1_290' title='bbox 499 3364 557 3426; x_wconf 89' lang='lat' dir='ltr'><strong>nisi</strong></span> <span class='ocrx_word' id='word_1_291' title='bbox 591 3366 717 3427; x_wconf 88' lang='lat' dir='ltr'><strong>decedat</strong></span> <span class='ocrx_word' id='word_1_292' title='bbox 750 3373 841 3444; x_wconf 88' lang='lat' dir='ltr'><strong>atque</strong></span> <span class='ocrx_word' id='word_1_293' title='bbox 869 3363 1032 3424; x_wconf 86' lang='lat' dir='ltr'><strong>exercitum</strong></span> <span class='ocrx_word' id='word_1_294' title='bbox 1060 3363 1191 3422; x_wconf 88' lang='lat' dir='ltr'><strong>deducat</strong></span> <span class='ocrx_word' id='word_1_295' title='bbox 1218 3378 1257 3422; x_wconf 88' lang='lat' dir='ltr'><strong>ex</strong></span> 
     </span>
     <span class='ocr_line' id='line_1_37' title="bbox 236 3446 1256 3531; baseline -0.006 -18"><span class='ocrx_word' id='word_1_296' title='bbox 236 3449 285 3513; x_wconf 90' lang='lat' dir='ltr'><strong>his</strong></span> <span class='ocrx_word' id='word_1_297' title='bbox 306 3449 492 3531; x_wconf 89' lang='lat' dir='ltr'><strong>regionibus,</strong></span> <span class='ocrx_word' id='word_1_298' title='bbox 521 3470 587 3512; x_wconf 88' lang='lat' dir='ltr'><strong>sese</strong></span> <span class='ocrx_word' id='word_1_299' title='bbox 608 3451 693 3512; x_wconf 91' lang='lat' dir='ltr'><strong>illum</strong></span> <span class='ocrx_word' id='word_1_300' title='bbox 715 3469 776 3511; x_wconf 93' lang='lat' dir='ltr'><strong>non</strong></span> <span class='ocrx_word' id='word_1_301' title='bbox 797 3468 852 3528; x_wconf 93' lang='lat' dir='ltr'><strong>pro</strong></span> <span class='ocrx_word' id='word_1_302' title='bbox 876 3449 987 3524; x_wconf 89' lang='lat' dir='ltr'><strong>amico,</strong></span> <span class='ocrx_word' id='word_1_303' title='bbox 1011 3449 1063 3510; x_wconf 93' lang='lat' dir='ltr'><strong>sed</strong></span> <span class='ocrx_word' id='word_1_304' title='bbox 1085 3449 1173 3509; x_wconf 89' lang='lat' dir='ltr'><strong>hoste</strong></span> <span class='ocrx_word' id='word_1_305' title='bbox 1195 3446 1256 3508; x_wconf 84' lang='lat' dir='ltr'><strong>ho-</strong></span> 
     </span>
     <span class='ocr_line' id='line_1_38' title="bbox 236 3532 1258 3607; baseline -0.001 -10"><span class='ocrx_word' id='word_1_306' title='bbox 236 3536 378 3603; x_wconf 84' lang='lat' dir='ltr'><strong>biturum.</strong></span> <span class='ocrx_word' id='word_1_307' title='bbox 422 3532 511 3605; x_wconf 84' lang='lat' dir='ltr'><strong>Quod</strong></span> <span class='ocrx_word' id='word_1_308' title='bbox 534 3538 560 3599; x_wconf 92' lang='lat' dir='ltr'><strong>si</strong></span> <span class='ocrx_word' id='word_1_309' title='bbox 582 3558 647 3598; x_wconf 90' lang='lat' dir='ltr'><strong>eum</strong></span> <span class='ocrx_word' id='word_1_310' title='bbox 671 3536 866 3607; x_wconf 85' lang='lat' dir='ltr'><strong>interfecerit,</strong></span> <span class='ocrx_word' id='word_1_311' title='bbox 890 3536 993 3598; x_wconf 89' lang='lat' dir='ltr'><strong>multis</strong></span> <span class='ocrx_word' id='word_1_312' title='bbox 1017 3554 1083 3596; x_wconf 86' lang='lat' dir='ltr'><strong>sese</strong></span> <span class='ocrx_word' id='word_1_313' title='bbox 1105 3534 1258 3596; x_wconf 88' lang='lat' dir='ltr'><strong>nobilibus</strong></span> 
     </span>
     <span class='ocr_line' id='line_1_39' title="bbox 237 3620 1259 3706; baseline -0.002 -21"><span class='ocrx_word' id='word_1_314' title='bbox 237 3621 479 3706; x_wconf 83' lang='lat' dir='ltr'><strong>principibusque</strong></span> <span class='ocrx_word' id='word_1_315' title='bbox 506 3624 609 3705; x_wconf 90' lang='lat' dir='ltr'><strong>populi</strong></span> <span class='ocrx_word' id='word_1_316' title='bbox 636 3622 767 3685; x_wconf 88' lang='lat' dir='ltr'><strong>Romani</strong></span> <span class='ocrx_word' id='word_1_317' title='bbox 794 3631 910 3702; x_wconf 90' lang='lat' dir='ltr'><strong>gratnm</strong></span> <span class='ocrx_word' id='word_1_318' title='bbox 940 3642 1006 3683; x_wconf 88' lang='lat' dir='ltr'><strong>esse</strong></span> <span class='ocrx_word' id='word_1_319' title='bbox 1028 3623 1192 3683; x_wconf 85' lang='lat' dir='ltr'><strong>iacturum:</strong></span> <span class='ocrx_word' id='word_1_320' title='bbox 1226 3620 1259 3683; x_wconf 94' lang='lat' dir='ltr'><strong>id</strong></span> 
     </span>
     <span class='ocr_line' id='line_1_40' title="bbox 239 3708 1258 3791; baseline -0.004 -21"><span class='ocrx_word' id='word_1_321' title='bbox 239 3727 272 3771; x_wconf 85' lang='lat' dir='ltr'><strong>se</strong></span> <span class='ocrx_word' id='word_1_322' title='bbox 294 3710 334 3773; x_wconf 86' lang='lat' dir='ltr'><strong>ab</strong></span> <span class='ocrx_word' id='word_1_323' title='bbox 355 3708 430 3790; x_wconf 88' lang='lat' dir='ltr'><strong>ipsis</strong></span> <span class='ocrx_word' id='word_1_324' title='bbox 452 3730 506 3791; x_wconf 89' lang='lat' dir='ltr'><strong>per</strong></span> <span class='ocrx_word' id='word_1_325' title='bbox 528 3729 629 3773; x_wconf 89' lang='lat' dir='ltr'><strong>corum</strong></span> <span class='ocrx_word' id='word_1_326' title='bbox 644 3709 766 3771; x_wconf 90' lang='lat' dir='ltr'><strong>nuntios</strong></span> <span class='ocrx_word' id='word_1_327' title='bbox 783 3717 966 3788; x_wconf 89' lang='lat' dir='ltr'><strong>compertum</strong></span> <span class='ocrx_word' id='word_1_328' title='bbox 980 3708 1108 3780; x_wconf 88' lang='lat' dir='ltr'><strong>habere,</strong></span> <span class='ocrx_word' id='word_1_329' title='bbox 1126 3724 1258 3789; x_wconf 47' lang='lat' dir='ltr'><strong>,quorum</strong></span> 
     </span>
     <span class='ocr_line' id='line_1_41' title="bbox 196 3792 1259 3876; baseline -0.006 -18"><span class='ocrx_word' id='word_1_330' title='bbox 196 3821 226 3859; x_wconf 71' lang='lat' dir='ltr'><strong>eo</strong></span> <span class='ocrx_word' id='word_1_331' title='bbox 241 3795 372 3858; x_wconf 89' lang='lat' dir='ltr'><strong>omnium</strong></span> <span class='ocrx_word' id='word_1_332' title='bbox 405 3798 531 3876; x_wconf 84' lang='lat' dir='ltr'><strong>gratiam</strong></span> <span class='ocrx_word' id='word_1_333' title='bbox 565 3809 655 3875; x_wconf 89' lang='lat' dir='ltr'><strong>atque</strong></span> <span class='ocrx_word' id='word_1_334' title='bbox 687 3795 850 3858; x_wconf 86' lang='lat' dir='ltr'><strong>amicitiam</strong></span> <span class='ocrx_word' id='word_1_335' title='bbox 885 3795 948 3857; x_wconf 92' lang='lat' dir='ltr'><strong>eius</strong></span> <span class='ocrx_word' id='word_1_336' title='bbox 981 3802 1077 3855; x_wconf 90' lang='lat' dir='ltr'><strong>morte</strong></span> <span class='ocrx_word' id='word_1_337' title='bbox 1110 3792 1259 3854; x_wconf 87' lang='lat' dir='ltr'><strong>redimere</strong></span> 
     </span>
     <span class='ocr_line' id='line_1_42' title="bbox 238 3878 1260 3961; baseline -0.004 -19"><span class='ocrx_word' id='word_1_338' title='bbox 238 3889 353 3961; x_wconf 83' lang='lat' dir='ltr'><strong>posset</strong></span> <span class='ocrx_word' id='word_1_339' title='bbox 407 3880 495 3952; x_wconf 81' lang='lat' dir='ltr'><strong>Quod</strong></span> <span class='ocrx_word' id='word_1_340' title='bbox 529 3885 555 3945; x_wconf 91' lang='lat' dir='ltr'><strong>si</strong></span> <span class='ocrx_word' id='word_1_341' title='bbox 588 3882 779 3945; x_wconf 87' lang='lat' dir='ltr'><strong>discessisset</strong></span> <span class='ocrx_word' id='word_1_342' title='bbox 812 3891 843 3944; x_wconf 90' lang='lat' dir='ltr'><strong>et</strong></span> <span class='ocrx_word' id='word_1_343' title='bbox 875 3881 1002 3943; x_wconf 89' lang='lat' dir='ltr'><strong>liberam</strong></span> <span class='ocrx_word' id='word_1_344' title='bbox 1034 3878 1260 3961; x_wconf 87' lang='lat' dir='ltr'><strong>possessionem</strong></span> 
     </span>
     <span class='ocr_line' id='line_1_43' title="bbox 239 3965 1260 4051; baseline -0.003 -21"><span class='ocrx_word' id='word_1_345' title='bbox 239 3966 359 4031; x_wconf 86' lang='lat' dir='ltr'><strong>Galliae</strong></span> <span class='ocrx_word' id='word_1_346' title='bbox 381 3967 439 4031; x_wconf 90' lang='lat' dir='ltr'><strong>sibi</strong></span> <span class='ocrx_word' id='word_1_347' title='bbox 461 3970 648 4044; x_wconf 87' lang='lat' dir='ltr'><strong>tradidisset,</strong></span> <span class='ocrx_word' id='word_1_348' title='bbox 672 3988 780 4051; x_wconf 88' lang='lat' dir='ltr'><strong>magno</strong></span> <span class='ocrx_word' id='word_1_349' title='bbox 803 3989 836 4032; x_wconf 90' lang='lat' dir='ltr'><strong>se</strong></span> <span class='ocrx_word' id='word_1_350' title='bbox 857 3967 942 4030; x_wconf 91' lang='lat' dir='ltr'><strong>illum</strong></span> <span class='ocrx_word' id='word_1_351' title='bbox 962 3965 1096 4050; x_wconf 88' lang='lat' dir='ltr'><strong>praemio</strong></span> <span class='ocrx_word' id='word_1_352' title='bbox 1116 3983 1260 4029; x_wconf 86' lang='lat' dir='ltr'><strong>remune-</strong></span> 
     </span>
    </p>
   </div>
   <div class='ocr_carea' id='block_1_3' title="bbox 0 0 1332 4492">
    <p class='ocr_par' dir='ltr' id='par_1_3' title="bbox 0 0 1332 4492">
     <span class='ocr_line' id='line_1_44' title="bbox 0 0 1332 4492; baseline 0 0"><span class='ocrx_word' id='word_1_353' title='bbox 0 0 1332 4492; x_wconf 95' lang='lat' dir='ltr'><strong> </strong></span> 
     </span>
    </p>
   </div>
  </div>
 </body>
</html>
