2616 4492
239 296 261 360 4
562 311 612 360 on
633 312 752 363 annno
774 313 929 365 umcroo

235 451 360 526 vitatis,
393 451 475 513 cuius
505 450 662 532 legationis
685 451 862 514 Nammeius
885 461 915 515 et
935 451 1147 515 Verucloetius
1169 453 1259 534 prin·

239 538 335 618 cipem
356 538 453 599 lucum
476 537 666 614 obtinebant,
699 539 750 619 qui
778 539 910 601 dicerent
931 538 989 601 sibi
1011 559 1078 601 esse
1100 539 1132 600 in
1154 540 1258 602 animo

240 624 305 686 sine
326 623 387 686 ullo
409 623 552 684 maleficio
580 625 638 686 iter
663 644 717 704 per
743 625 927 704 provinciam
949 626 1061 700 lacere,
1094 634 1259 705 propterea

241 711 320 791 quod
347 710 430 772 aliud
451 710 509 771 iter
530 710 678 772 haberent
698 710 825 772 nullum:
855 731 977 791 rogare,
1005 719 1041 773 ut
1062 712 1124 773 eius
1146 713 1259 774 volun-

211 806 305 860 otate
327 796 358 858 id
381 795 439 857 sibi
459 797 557 857 facere
579 797 676 858 liceat.
722 796 846 873 Caesar,
869 798 949 877 qnod
971 797 1116 859 memoria
1130 799 1260 860 tenebat

240 884 277 946 L.
295 882 433 944 Cassium
460 883 611 944 consulem
639 882 767 945 occisum
790 884 1010 964 exercitumque
1031 884 1096 944 eius
1118 885 1156 946 ab
1179 884 1260 946 Hel·

240 969 330 1032 retiis
362 969 479 1049 pulsum
507 978 538 1030 et
569 970 624 1030 sub
653 969 753 1048 iugum
781 969 922 1044 missurn,
952 970 1170 1031 concedendum
1195 990 1259 1033 non

240 1056 385 1137 putabat,
407 1074 503 1134 neque
525 1056 659 1116 homines
680 1055 799 1117 inimico
822 1055 923 1117 animo
945 1057 1019 1118 data
1039 1055 1181 1117 facultate
1202 1075 1260 1137 per

241 1141 425 1223 provinciam
456 1140 572 1202 itineris
604 1140 736 1203 faciundi
768 1150 989 1222 temperaturos
1021 1143 1060 1204 ab
1087 1142 1196 1204 iniuria
1226 1151 1259 1205 et

199 1251 228 1289 ro
242 1227 387 1290 maleficio
419 1226 622 1288 existimabat.
675 1227 808 1301 Tamen,
841 1237 875 1289 ut
907 1228 1036 1307 spatium
1070 1228 1259 1291 intercedere

241 1323 359 1395 posset,
383 1315 454 1375 dum
469 1313 595 1386 milites,
618 1333 693 1394 quos
707 1314 924 1394 imperaverat,
947 1315 1148 1387 convenirent,
1171 1315 1258 1396 lega-

240 1401 281 1462 tis
313 1399 469 1479 respondit
501 1399 580 1461 diem
613 1419 646 1462 se
679 1400 718 1461 ad
746 1400 970 1463 deliberandum
997 1408 1200 1481 sumpturum:
1230 1401 1258 1465 si

241 1487 312 1567 quid
332 1485 460 1559 vellent,
484 1485 523 1547 ad
543 1486 610 1548 idus
632 1486 754 1566 Apriles
777 1495 1006 1548 reverterentur.

214 1577 233 1628 8
304 1574 425 1635 Interea
446 1590 483 1634 ea
503 1572 635 1653 legione,
669 1591 760 1652 quam
787 1592 887 1634 secum
913 1572 1061 1644 habebat,
1089 1570 1256 1634 militibus·

196 1684 224 1722 ss
239 1680 313 1741 que,
336 1659 386 1739 qui
408 1677 446 1720 ex
466 1659 620 1738 provincia
641 1668 858 1732 convenerant,
880 1678 900 1720 a
921 1658 989 1720 lacu
1007 1658 1180 1732 Lemanno,
1204 1658 1257 1738 qui

238 1747 271 1810 in
292 1746 402 1808 flumen
422 1745 604 1807 Rhodanum
624 1745 737 1819 influit,
761 1746 800 1806 ad
822 1753 952 1806 montem
973 1745 1090 1817 Iuram,
1113 1745 1164 1825 qui
1179 1744 1256 1806 fines

240 1832 450 1913 Sequanorum
476 1833 515 1893 ab
542 1831 690 1893 Helvetiis
719 1831 843 1905 dividit,
876 1830 960 1892 milia
985 1849 1129 1911 passuum
1151 1831 1256 1892 decern

240 1928 271 1980 et
293 1937 402 1979 novem
429 1936 546 1978 murum
572 1918 604 1978 in
631 1917 820 1979 altitudinem
841 1918 951 1997 pedum
973 1916 1100 1978 sedecim
1122 1916 1256 1978 iussam-

241 2023 297 2084 que
322 2003 465 2083 perduoit.
508 2003 555 2065 Eo
583 2021 672 2083 opere
698 2005 828 2083 perlecto
850 2002 1004 2084 praesidia
1025 2003 1171 2082 disponit,
1200 2022 1256 2065 ca-

196 2113 226 2153 no
241 2089 329 2151 stella
351 2088 526 2163 communit,
554 2108 613 2169 quo
634 2088 765 2162 facilius,
789 2088 815 2150 si
837 2109 870 2151 se
891 2090 987 2151 invito
1010 2089 1137 2151 transire
1159 2108 1254 2150 cona-

240 2185 353 2250 rentur,
367 2175 525 2255 prohibere
535 2184 646 2255 posset.
667 2176 728 2237 Ubi
739 2194 776 2237 ea
787 2175 861 2250 dies,
877 2195 967 2255 quam
977 2175 1175 2237 constituerat
1186 2194 1255 2237 cum

238 2262 362 2343 legatis,
384 2261 481 2336 venit,
505 2269 536 2322 et
555 2261 647 2341 legati
662 2263 701 2323 ad
716 2280 782 2324 eum
797 2269 998 2335 reverterunt,
1021 2270 1112 2342 negat
1123 2280 1156 2322 se
1170 2280 1254 2324 more

240 2358 271 2411 et
292 2348 428 2428 exemplo
450 2348 553 2428 populi
574 2348 705 2410 Romani
726 2367 816 2428 posse
838 2348 895 2408 iter
916 2347 969 2409 ulli
991 2367 1046 2427 per
1066 2348 1253 2427 provinciam

239 2437 312 2497 dare
335 2443 379 2509 et,
403 2434 430 2496 si
451 2434 512 2495 vim
533 2436 630 2496 iacere
652 2443 804 2508 conentur,
826 2434 1045 2513 prohibiturum
1066 2433 1209 2501 ostendit

195 2544 224 2583 nr
304 2520 437 2583 Helvetii
470 2540 507 2582 ea
545 2541 598 2600 spe
636 2521 741 2583 deiecti
774 2520 902 2582 navibus
934 2520 1042 2581 iunctis
1075 2519 1252 2600 ratibusque

239 2606 439 2687 compluribus
460 2606 564 2682 factis,
591 2605 643 2669 alii
663 2606 750 2668 vadis
772 2606 929 2680 Rhodani,
953 2625 1013 2686 qua
1034 2605 1158 2667 minima
1180 2605 1253 2668 alti·

239 2696 313 2756 tudo
335 2692 465 2755 fluminis
489 2701 568 2768 erat,
592 2712 815 2772 nonnumquam
836 2692 984 2765 interdiu,
1008 2692 1128 2771 saepius
1150 2701 1252 2767 noctu,

239 2781 265 2841 si
292 2798 482 2859 perrumpere
508 2789 648 2859 possent,
681 2779 781 2841 eonati
813 2779 911 2858 operis
937 2778 1101 2839 munitione
1133 2787 1165 2839 et
1190 2779 1252 2840 rni-

238 2866 325 2928 litum
358 2885 501 2927 concursu
534 2875 564 2926 et
595 2865 663 2926 telis
697 2865 808 2944 repulsi
840 2866 897 2927 hoo
924 2873 1034 2926 conatu
1063 2864 1253 2926 destiterunt„

212 2952 475 3032 9Relinqnebatur
496 2970 557 3013 una
577 2970 631 3030 per
647 2951 804 3032 Sequanos
819 2952 883 3024 via,
908 2970 968 3031 qua
982 2949 1132 3031 Sequanis
1146 2950 1252 3014 invitis

194 3063 217 3101 or
237 3048 360 3120 propter
383 3038 538 3119 angustias
561 3037 605 3099 ire
626 3057 685 3099 non
707 3046 854 3117 poterant.
899 3037 956 3098 His
980 3056 1046 3098 oum
1068 3057 1124 3099 sua
1143 3047 1254 3117 sponte

236 3126 417 3206 persuadere
439 3144 500 3186 non
521 3133 659 3204 possent,
682 3125 797 3205 legatos
820 3125 859 3185 ad
880 3123 1094 3204 Dumnorigem
1109 3123 1252 3186 Aeduum

236 3213 370 3284 mittunt,
387 3220 421 3272 ut
435 3231 469 3272 eo
486 3213 676 3290 deprecatore
689 3231 711 3287 a
726 3209 875 3290 Sequanis
885 3209 1088 3289 impetrarent
1111 3210 1253 3273 Dumno-

236 3298 283 3360 rix
310 3298 410 3379 gratia
432 3307 462 3359 et
483 3297 641 3379 largitione
662 3299 744 3378 apud
766 3297 926 3376 Sequanos
948 3295 1107 3375 plurimum
1128 3305 1254 3375 poterat

191 3410 220 3448 aa
236 3394 267 3446 et
287 3384 437 3446 Helvetiis
460 3394 526 3446 erat
547 3385 675 3458 amicus,
700 3383 778 3463 quod
801 3401 839 3443 ex
860 3401 897 3442 ea
917 3382 1040 3444 civitate
1063 3381 1253 3464 Orgetorigis

235 3470 328 3533 filiam
360 3471 391 3531 in
419 3470 642 3533 matrimonium
665 3471 806 3541 duxerat,
841 3477 872 3529 et
898 3468 1061 3547 cupiditate
1088 3468 1171 3549 regni
1193 3472 1254 3531 ad-

235 3558 341 3618 ductus
364 3557 450 3619 novis
465 3558 554 3619 rebus
570 3556 711 3617 studebat
726 3563 757 3616 et
771 3573 861 3634 quam
875 3554 1019 3633 plurimas
1041 3554 1180 3616 civitates
1196 3576 1253 3619 suo

234 3642 376 3704 beneficio
398 3643 511 3705 habere
533 3641 692 3704 obstrictas
713 3640 843 3703 volebat.
879 3640 987 3720 Itaque
1002 3659 1064 3703 rem
1080 3641 1205 3720 suscipit
1222 3652 1254 3706 et

235 3747 255 3789 a
276 3727 423 3808 Sequanis
445 3730 602 3809 impetrat,
624 3735 660 3788 ut
680 3746 734 3806 per
755 3728 830 3789 fines
853 3746 924 3788 suos
945 3727 1103 3789 Helvetios
1125 3728 1168 3789 ire
1190 3747 1253 3807 pa-

191 3813 358 3888 sotiantur,
387 3816 565 3896 obsidesque
590 3814 636 3875 uti
656 3813 734 3875 inter
755 3833 824 3876 sese
845 3814 918 3876 dent
938 3813 1068 3893 perficit:
1098 3812 1252 3894 Sequani,

234 3919 272 3960 ne
293 3899 400 3961 itinere
420 3902 576 3963 Helvetios
598 3899 792 3980 prohibeant3
819 3898 969 3971 Helvetii,
997 3900 1042 3963 uti
1064 3899 1130 3962 sine
1151 3900 1253 3964 male-

233 3986 298 4048 ficio
320 3995 350 4047 et
370 3986 480 4050 iniuria
501 3996 666 4050 transeant.
