<?xml version="1.0" encoding="UTF-8"?>
<!DOCTYPE html PUBLIC "-//W3C//DTD XHTML 1.0 Transitional//EN"
    "http://www.w3.org/TR/xhtml1/DTD/xhtml1-transitional.dtd">
<html xmlns="http://www.w3.org/1999/xhtml" xml:lang="en" lang="en">
 <head>
  <title>
</title>
<meta http-equiv="Content-Type" content="text/html;charset=utf-8" />
  <meta name='ocr-system' content='tesseract 3.04.00' />
  <meta name='ocr-capabilities' content='ocr_page ocr_carea ocr_par ocr_line ocrx_word'/>
</head>
<body>
  <div class='ocr_page' id='page_1' title='image "./debellogallicol00friggoog/debellogallicol00friggoog_0177.png"; bbox 0 0 2616 4492; ppageno 0'>
   <div class='ocr_carea' id='block_1_1' title="bbox 226 252 918 317">
    <p class='ocr_par' dir='ltr' id='par_1_1' title="bbox 226 252 918 317">
     <span class='ocr_line' id='line_1_1' title="bbox 226 252 918 317; baseline 0 -2"><span class='ocrx_word' id='word_1_1' title='bbox 226 252 287 317; x_wconf 77' lang='lat'>154</span> <span class='ocrx_word' id='word_1_2' title='bbox 551 268 601 317; x_wconf 82' lang='lat' dir='ltr'>nn</span> <span class='ocrx_word' id='word_1_3' title='bbox 621 266 740 315; x_wconf 76' lang='lat' dir='ltr'>nanto</span> <span class='ocrx_word' id='word_1_4' title='bbox 763 267 918 316; x_wconf 73' lang='lat' dir='ltr'>caturco</span> 
     </span>
    </p>
   </div>
   <div class='ocr_carea' id='block_1_2' title="bbox 177 406 1304 4025">
    <p class='ocr_par' dir='ltr' id='par_1_2' title="bbox 177 406 1304 4025">
     <span class='ocr_line' id='line_1_2' title="bbox 223 406 1247 488; baseline -0.001 -18"><span class='ocrx_word' id='word_1_5' title='bbox 223 408 396 470; x_wconf 88' lang='lat' dir='ltr'>intercisum</span> <span class='ocrx_word' id='word_1_6' title='bbox 419 406 551 469; x_wconf 88' lang='lat' dir='ltr'>animum</span> <span class='ocrx_word' id='word_1_7' title='bbox 573 409 760 481; x_wconf 82' lang='lat' dir='ltr'>adverteret,</span> <span class='ocrx_word' id='word_1_8' title='bbox 788 408 931 488; x_wconf 86' lang='lat' dir='ltr'>pontibus</span> <span class='ocrx_word' id='word_1_9' title='bbox 955 406 1067 487; x_wconf 82' lang='lat' dir='ltr'>palude</span> <span class='ocrx_word' id='word_1_10' title='bbox 1089 414 1247 469; x_wconf 86' lang='lat' dir='ltr'>constrata</span> 
     </span>
     <span class='ocr_line' id='line_1_3' title="bbox 223 492 1247 574; baseline -0.001 -19"><span class='ocrx_word' id='word_1_11' title='bbox 223 494 356 574; x_wconf 83' lang='lat' dir='ltr'>legiones</span> <span class='ocrx_word' id='word_1_12' title='bbox 389 494 522 555; x_wconf 88' lang='lat' dir='ltr'>traducit</span> <span class='ocrx_word' id='word_1_13' title='bbox 549 494 743 574; x_wconf 80' lang='lat' dir='ltr'>celeriterque</span> <span class='ocrx_word' id='word_1_14' title='bbox 770 495 802 555; x_wconf 93' lang='lat' dir='ltr'>in</span> <span class='ocrx_word' id='word_1_15' title='bbox 829 513 978 555; x_wconf 90' lang='lat' dir='ltr'>summam</span> <span class='ocrx_word' id='word_1_16' title='bbox 1004 492 1164 573; x_wconf 79' lang='lat' dir='ltr'>planitiem</span> <span class='ocrx_word' id='word_1_17' title='bbox 1184 493 1247 574; x_wconf 86' lang='lat' dir='ltr'>iugi</span> 
     </span>
     <span class='ocr_line' id='line_1_4' title="bbox 222 579 1247 660; baseline -0.002 -18"><span class='ocrx_word' id='word_1_18' title='bbox 222 581 377 660; x_wconf 91' lang='lat' dir='ltr'>pervenit,</span> <span class='ocrx_word' id='word_1_19' title='bbox 411 600 487 660; x_wconf 88' lang='lat' dir='ltr'>quae</span> <span class='ocrx_word' id='word_1_20' title='bbox 515 580 623 641; x_wconf 91' lang='lat' dir='ltr'>declivi</span> <span class='ocrx_word' id='word_1_21' title='bbox 649 580 772 660; x_wconf 83' lang='lat' dir='ltr'>fastigio</span> <span class='ocrx_word' id='word_1_22' title='bbox 801 582 918 642; x_wconf 90' lang='lat' dir='ltr'>duobus</span> <span class='ocrx_word' id='word_1_23' title='bbox 945 580 985 641; x_wconf 91' lang='lat' dir='ltr'>ab</span> <span class='ocrx_word' id='word_1_24' title='bbox 1007 579 1154 641; x_wconf 87' lang='lat' dir='ltr'>lateribus</span> <span class='ocrx_word' id='word_1_25' title='bbox 1177 599 1247 640; x_wconf 81' lang='lat' dir='ltr'>uru-</span> 
     </span>
     <span class='ocr_line' id='line_1_5' title="bbox 224 666 1248 746; baseline -0.002 -18"><span class='ocrx_word' id='word_1_26' title='bbox 224 668 370 729; x_wconf 91' lang='lat' dir='ltr'>niebatur.</span> <span class='ocrx_word' id='word_1_27' title='bbox 414 666 461 728; x_wconf 92' lang='lat' dir='ltr'>lbi</span> <span class='ocrx_word' id='word_1_28' title='bbox 482 667 649 746; x_wconf 85' lang='lat' dir='ltr'>legionibus</span> <span class='ocrx_word' id='word_1_29' title='bbox 672 666 828 728; x_wconf 90' lang='lat' dir='ltr'>instructis</span> <span class='ocrx_word' id='word_1_30' title='bbox 851 668 890 729; x_wconf 88' lang='lat' dir='ltr'>ad</span> <span class='ocrx_word' id='word_1_31' title='bbox 906 666 1043 729; x_wconf 91' lang='lat' dir='ltr'>ultimum</span> <span class='ocrx_word' id='word_1_32' title='bbox 1056 666 1159 745; x_wconf 89' lang='lat' dir='ltr'>iugum</span> <span class='ocrx_word' id='word_1_33' title='bbox 1174 685 1248 746; x_wconf 90' lang='lat' dir='ltr'>per-</span> 
     </span>
     <span class='ocr_line' id='line_1_6' title="bbox 193 752 1304 833; baseline -0.002 -17"><span class='ocrx_word' id='word_1_34' title='bbox 193 755 309 817; x_wconf 72' lang='lat' dir='ltr'>svenit</span> <span class='ocrx_word' id='word_1_35' title='bbox 335 753 488 833; x_wconf 78' lang='lat' dir='ltr'>aciemque</span> <span class='ocrx_word' id='word_1_36' title='bbox 517 773 550 814; x_wconf 90' lang='lat' dir='ltr'>eo</span> <span class='ocrx_word' id='word_1_37' title='bbox 579 753 643 815; x_wconf 90' lang='lat' dir='ltr'>loco</span> <span class='ocrx_word' id='word_1_38' title='bbox 672 753 843 826; x_wconf 87' lang='lat' dir='ltr'>constituit,</span> <span class='ocrx_word' id='word_1_39' title='bbox 877 755 957 815; x_wconf 90' lang='lat' dir='ltr'>unde</span> <span class='ocrx_word' id='word_1_40' title='bbox 978 762 1129 815; x_wconf 90' lang='lat' dir='ltr'>tormento</span> <span class='ocrx_word' id='word_1_41' title='bbox 1152 752 1248 824; x_wconf 85' lang='lat' dir='ltr'>missa</span> <span class='ocrx_word' id='word_1_42' title='bbox 1298 790 1304 804; x_wconf 67' lang='lat'><em>=</em></span> 
     </span>
     <span class='ocr_line' id='line_1_7' title="bbox 223 839 906 920; baseline 0 -20"><span class='ocrx_word' id='word_1_43' title='bbox 223 840 286 901; x_wconf 92' lang='lat' dir='ltr'>tela</span> <span class='ocrx_word' id='word_1_44' title='bbox 306 840 339 900; x_wconf 93' lang='lat' dir='ltr'>in</span> <span class='ocrx_word' id='word_1_45' title='bbox 360 839 491 900; x_wconf 87' lang='lat' dir='ltr'>hostium</span> <span class='ocrx_word' id='word_1_46' title='bbox 514 858 622 900; x_wconf 90' lang='lat' dir='ltr'>cuneos</span> <span class='ocrx_word' id='word_1_47' title='bbox 645 839 750 900; x_wconf 91' lang='lat' dir='ltr'>coniici</span> <span class='ocrx_word' id='word_1_48' title='bbox 771 849 906 920; x_wconf 82' lang='lat' dir='ltr'>possent</span> 
     </span>
     <span class='ocr_line' id='line_1_8' title="bbox 192 925 1247 996; baseline -0.001 -9"><span class='ocrx_word' id='word_1_49' title='bbox 192 927 224 976; x_wconf 83' lang='lat'>15</span> <span class='ocrx_word' id='word_1_50' title='bbox 290 925 419 987; x_wconf 89' lang='lat' dir='ltr'>Barbari</span> <span class='ocrx_word' id='word_1_51' title='bbox 447 926 551 986; x_wconf 88' lang='lat' dir='ltr'>confisi</span> <span class='ocrx_word' id='word_1_52' title='bbox 573 925 630 986; x_wconf 93' lang='lat' dir='ltr'>loci</span> <span class='ocrx_word' id='word_1_53' title='bbox 652 935 764 987; x_wconf 90' lang='lat' dir='ltr'>natura</span> <span class='ocrx_word' id='word_1_54' title='bbox 785 945 853 996; x_wconf 92' lang='lat' dir='ltr'>cum</span> <span class='ocrx_word' id='word_1_55' title='bbox 876 925 1017 986; x_wconf 84' lang='lat' dir='ltr'>dimicare</span> <span class='ocrx_word' id='word_1_56' title='bbox 1038 943 1099 985; x_wconf 89' lang='lat' dir='ltr'>non</span> <span class='ocrx_word' id='word_1_57' title='bbox 1122 943 1247 986; x_wconf 54' lang='lat' dir='ltr'>recusa*</span> 
     </span>
     <span class='ocr_line' id='line_1_9' title="bbox 222 1010 1246 1090; baseline -0.002 -17"><span class='ocrx_word' id='word_1_58' title='bbox 222 1020 303 1087; x_wconf 88' lang='lat' dir='ltr'>rent,</span> <span class='ocrx_word' id='word_1_59' title='bbox 332 1012 359 1073; x_wconf 91' lang='lat' dir='ltr'>si</span> <span class='ocrx_word' id='word_1_60' title='bbox 380 1012 457 1072; x_wconf 84' lang='lat' dir='ltr'>forte</span> <span class='ocrx_word' id='word_1_61' title='bbox 478 1011 611 1073; x_wconf 90' lang='lat' dir='ltr'>Romani</span> <span class='ocrx_word' id='word_1_62' title='bbox 633 1012 733 1086; x_wconf 87' lang='lat' dir='ltr'>subire</span> <span class='ocrx_word' id='word_1_63' title='bbox 754 1012 860 1074; x_wconf 85' lang='lat' dir='ltr'>collem</span> <span class='ocrx_word' id='word_1_64' title='bbox 883 1019 1073 1084; x_wconf 85' lang='lat' dir='ltr'>conarentur,</span> <span class='ocrx_word' id='word_1_65' title='bbox 1096 1010 1246 1090; x_wconf 87' lang='lat' dir='ltr'>paulatim</span> 
     </span>
     <span class='ocr_line' id='line_1_10' title="bbox 222 1095 1247 1178; baseline -0.001 -19"><span class='ocrx_word' id='word_1_66' title='bbox 222 1097 325 1177; x_wconf 90' lang='lat' dir='ltr'>copias</span> <span class='ocrx_word' id='word_1_67' title='bbox 348 1097 525 1158; x_wconf 90' lang='lat' dir='ltr'>distributas</span> <span class='ocrx_word' id='word_1_68' title='bbox 548 1097 698 1159; x_wconf 87' lang='lat' dir='ltr'>dimittere</span> <span class='ocrx_word' id='word_1_69' title='bbox 722 1118 781 1159; x_wconf 92' lang='lat' dir='ltr'>uon</span> <span class='ocrx_word' id='word_1_70' title='bbox 803 1107 944 1178; x_wconf 82' lang='lat' dir='ltr'>possent,</span> <span class='ocrx_word' id='word_1_71' title='bbox 968 1117 1005 1165; x_wconf 86' lang='lat' dir='ltr'>ne</span> <span class='ocrx_word' id='word_1_72' title='bbox 1026 1095 1155 1176; x_wconf 91' lang='lat' dir='ltr'>dispersi</span> <span class='ocrx_word' id='word_1_73' title='bbox 1173 1115 1247 1176; x_wconf 83' lang='lat' dir='ltr'>per·</span> 
     </span>
     <span class='ocr_line' id='line_1_11' title="bbox 184 1182 1247 1264; baseline -0.003 -18"><span class='ocrx_word' id='word_1_74' title='bbox 184 1208 209 1247; x_wconf 82' lang='lat' dir='ltr'>ro</span> <span class='ocrx_word' id='word_1_75' title='bbox 222 1185 427 1255; x_wconf 86' lang='lat' dir='ltr'>turbarentur,</span> <span class='ocrx_word' id='word_1_76' title='bbox 460 1184 491 1244; x_wconf 93' lang='lat' dir='ltr'>in</span> <span class='ocrx_word' id='word_1_77' title='bbox 524 1185 588 1249; x_wconf 91' lang='lat' dir='ltr'>acie</span> <span class='ocrx_word' id='word_1_78' title='bbox 620 1196 858 1264; x_wconf 88' lang='lat' dir='ltr'>permanserunt.</span> <span class='ocrx_word' id='word_1_79' title='bbox 910 1182 1045 1253; x_wconf 80' lang='lat' dir='ltr'>Quorum</span> <span class='ocrx_word' id='word_1_80' title='bbox 1077 1183 1247 1262; x_wconf 88' lang='lat' dir='ltr'>pertinacia</span> 
     </span>
     <span class='ocr_line' id='line_1_12' title="bbox 223 1268 1245 1350; baseline 0 -18"><span class='ocrx_word' id='word_1_81' title='bbox 223 1271 342 1350; x_wconf 87' lang='lat' dir='ltr'>cognita</span> <span class='ocrx_word' id='word_1_82' title='bbox 364 1270 480 1332; x_wconf 86' lang='lat' dir='ltr'>Caesar</span> <span class='ocrx_word' id='word_1_83' title='bbox 502 1284 556 1331; x_wconf 82' lang='lat' dir='ltr'>xx</span> <span class='ocrx_word' id='word_1_84' title='bbox 579 1271 751 1332; x_wconf 89' lang='lat' dir='ltr'>cohortibus</span> <span class='ocrx_word' id='word_1_85' title='bbox 773 1271 929 1332; x_wconf 88' lang='lat' dir='ltr'>instructis</span> <span class='ocrx_word' id='word_1_86' title='bbox 945 1270 1114 1350; x_wconf 89' lang='lat' dir='ltr'>castrisque</span> <span class='ocrx_word' id='word_1_87' title='bbox 1129 1289 1164 1331; x_wconf 92' lang='lat' dir='ltr'>eo</span> <span class='ocrx_word' id='word_1_88' title='bbox 1179 1268 1245 1332; x_wconf 90' lang='lat' dir='ltr'>loco</span> 
     </span>
     <span class='ocr_line' id='line_1_13' title="bbox 223 1356 1244 1437; baseline 0.001 -19"><span class='ocrx_word' id='word_1_89' title='bbox 223 1357 344 1418; x_wconf 87' lang='lat' dir='ltr'>metatis</span> <span class='ocrx_word' id='word_1_90' title='bbox 368 1356 477 1417; x_wconf 89' lang='lat' dir='ltr'>muniri</span> <span class='ocrx_word' id='word_1_91' title='bbox 499 1357 582 1418; x_wconf 91' lang='lat' dir='ltr'>iubet</span> <span class='ocrx_word' id='word_1_92' title='bbox 603 1365 712 1418; x_wconf 88' lang='lat' dir='ltr'>castra</span> <span class='ocrx_word' id='word_1_93' title='bbox 748 1356 910 1418; x_wconf 88' lang='lat' dir='ltr'>Absolutis</span> <span class='ocrx_word' id='word_1_94' title='bbox 934 1356 1073 1437; x_wconf 90' lang='lat' dir='ltr'>operibus</span> <span class='ocrx_word' id='word_1_95' title='bbox 1093 1356 1244 1437; x_wconf 88' lang='lat' dir='ltr'>provallo</span> 
     </span>
     <span class='ocr_line' id='line_1_14' title="bbox 222 1442 1245 1523; baseline -0.003 -19"><span class='ocrx_word' id='word_1_96' title='bbox 222 1442 354 1522; x_wconf 87' lang='lat' dir='ltr'>legiones</span> <span class='ocrx_word' id='word_1_97' title='bbox 377 1443 540 1504; x_wconf 88' lang='lat' dir='ltr'>instructas</span> <span class='ocrx_word' id='word_1_98' title='bbox 564 1443 715 1517; x_wconf 85' lang='lat' dir='ltr'>conlocat,</span> <span class='ocrx_word' id='word_1_99' title='bbox 740 1444 853 1523; x_wconf 87' lang='lat' dir='ltr'>equites</span> <span class='ocrx_word' id='word_1_100' title='bbox 875 1443 1001 1505; x_wconf 82' lang='lat' dir='ltr'>frenatis</span> <span class='ocrx_word' id='word_1_101' title='bbox 1025 1442 1108 1523; x_wconf 92' lang='lat' dir='ltr'>equis</span> <span class='ocrx_word' id='word_1_102' title='bbox 1129 1443 1163 1504; x_wconf 95' lang='lat' dir='ltr'>in</span> <span class='ocrx_word' id='word_1_103' title='bbox 1178 1449 1245 1504; x_wconf 54' lang='lat' dir='ltr'>stae</span> 
     </span>
     <span class='ocr_line' id='line_1_15' title="bbox 222 1529 1245 1609; baseline 0.001 -19"><span class='ocrx_word' id='word_1_104' title='bbox 222 1529 304 1590; x_wconf 90' lang='lat' dir='ltr'>tione</span> <span class='ocrx_word' id='word_1_105' title='bbox 328 1530 469 1609; x_wconf 89' lang='lat' dir='ltr'>disponit.</span> <span class='ocrx_word' id='word_1_106' title='bbox 513 1529 667 1591; x_wconf 90' lang='lat' dir='ltr'>Bellovaci</span> <span class='ocrx_word' id='word_1_107' title='bbox 695 1548 762 1590; x_wconf 92' lang='lat' dir='ltr'>cnm</span> <span class='ocrx_word' id='word_1_108' title='bbox 783 1530 939 1592; x_wconf 89' lang='lat' dir='ltr'>Romanos</span> <span class='ocrx_word' id='word_1_109' title='bbox 961 1530 1002 1590; x_wconf 92' lang='lat' dir='ltr'>ad</span> <span class='ocrx_word' id='word_1_110' title='bbox 1027 1529 1245 1608; x_wconf 91' lang='lat' dir='ltr'>insequendum</span> 
     </span>
     <span class='ocr_line' id='line_1_16' title="bbox 185 1615 1245 1696; baseline -0.004 -17"><span class='ocrx_word' id='word_1_111' title='bbox 185 1624 347 1695; x_wconf 79' lang='lat' dir='ltr'>reparatos</span> <span class='ocrx_word' id='word_1_112' title='bbox 375 1616 514 1677; x_wconf 90' lang='lat' dir='ltr'>viderent</span> <span class='ocrx_word' id='word_1_113' title='bbox 542 1636 638 1696; x_wconf 90' lang='lat' dir='ltr'>neque</span> <span class='ocrx_word' id='word_1_114' title='bbox 660 1626 837 1696; x_wconf 87' lang='lat' dir='ltr'>pernoctare</span> <span class='ocrx_word' id='word_1_115' title='bbox 860 1626 913 1678; x_wconf 92' lang='lat' dir='ltr'>aut</span> <span class='ocrx_word' id='word_1_116' title='bbox 935 1615 1045 1677; x_wconf 89' lang='lat' dir='ltr'>diutius</span> <span class='ocrx_word' id='word_1_117' title='bbox 1068 1634 1245 1694; x_wconf 91' lang='lat' dir='ltr'>permanere</span> 
     </span>
     <span class='ocr_line' id='line_1_17' title="bbox 223 1701 1244 1783; baseline -0.002 -21"><span class='ocrx_word' id='word_1_118' title='bbox 223 1702 287 1763; x_wconf 90' lang='lat' dir='ltr'>siue</span> <span class='ocrx_word' id='word_1_119' title='bbox 316 1702 447 1783; x_wconf 91' lang='lat' dir='ltr'>periculo</span> <span class='ocrx_word' id='word_1_120' title='bbox 476 1704 579 1763; x_wconf 88' lang='lat' dir='ltr'>eodem</span> <span class='ocrx_word' id='word_1_121' title='bbox 609 1702 672 1763; x_wconf 90' lang='lat' dir='ltr'>loco</span> <span class='ocrx_word' id='word_1_122' title='bbox 694 1712 834 1782; x_wconf 90' lang='lat' dir='ltr'>possent,</span> <span class='ocrx_word' id='word_1_123' title='bbox 864 1703 924 1763; x_wconf 87' lang='lat' dir='ltr'>tale</span> <span class='ocrx_word' id='word_1_124' title='bbox 947 1701 1104 1763; x_wconf 88' lang='lat' dir='ltr'>eonsilium</span> <span class='ocrx_word' id='word_1_125' title='bbox 1126 1701 1174 1763; x_wconf 90' lang='lat' dir='ltr'>sui</span> <span class='ocrx_word' id='word_1_126' title='bbox 1195 1721 1244 1763; x_wconf 58' lang='lat' dir='ltr'>ree</span> 
     </span>
     <span class='ocr_line' id='line_1_18' title="bbox 223 1788 1243 1869; baseline 0 -20"><span class='ocrx_word' id='word_1_127' title='bbox 223 1788 351 1869; x_wconf 90' lang='lat' dir='ltr'>cipiendi</span> <span class='ocrx_word' id='word_1_128' title='bbox 374 1797 525 1869; x_wconf 90' lang='lat' dir='ltr'>ceperunt.</span> <span class='ocrx_word' id='word_1_129' title='bbox 569 1789 697 1863; x_wconf 86' lang='lat' dir='ltr'>Fasces,</span> <span class='ocrx_word' id='word_1_130' title='bbox 727 1798 762 1850; x_wconf 91' lang='lat' dir='ltr'>ut</span> <span class='ocrx_word' id='word_1_131' title='bbox 788 1797 1022 1862; x_wconf 90' lang='lat' dir='ltr'>consueverant,</span> <span class='ocrx_word' id='word_1_132' title='bbox 1057 1807 1110 1867; x_wconf 91' lang='lat' dir='ltr'>per</span> <span class='ocrx_word' id='word_1_133' title='bbox 1139 1807 1243 1849; x_wconf 88' lang='lat' dir='ltr'>manns</span> 
     </span>
     <span class='ocr_line' id='line_1_19' title="bbox 224 1875 1245 1956; baseline 0 -21"><span class='ocrx_word' id='word_1_134' title='bbox 224 1883 458 1937; x_wconf 88' lang='lat' dir='ltr'>stramentorum</span> <span class='ocrx_word' id='word_1_135' title='bbox 491 1894 527 1936; x_wconf 90' lang='lat' dir='ltr'>ac</span> <span class='ocrx_word' id='word_1_136' title='bbox 559 1875 772 1956; x_wconf 89' lang='lat' dir='ltr'>virgultorum,</span> <span class='ocrx_word' id='word_1_137' title='bbox 807 1895 932 1956; x_wconf 91' lang='lat' dir='ltr'>quorum</span> <span class='ocrx_word' id='word_1_138' title='bbox 967 1893 1086 1936; x_wconf 89' lang='lat' dir='ltr'>summa</span> <span class='ocrx_word' id='word_1_139' title='bbox 1119 1882 1185 1935; x_wconf 89' lang='lat' dir='ltr'>erat</span> <span class='ocrx_word' id='word_1_140' title='bbox 1213 1876 1245 1935; x_wconf 91' lang='lat' dir='ltr'>iu</span> 
     </span>
     <span class='ocr_line' id='line_1_20' title="bbox 224 1959 1245 2042; baseline -0.001 -20"><span class='ocrx_word' id='word_1_141' title='bbox 224 1962 331 2022; x_wconf 91' lang='lat' dir='ltr'>castris</span> <span class='ocrx_word' id='word_1_142' title='bbox 366 1963 467 2042; x_wconf 89' lang='lat' dir='ltr'>copia,</span> <span class='ocrx_word' id='word_1_143' title='bbox 501 1962 581 2023; x_wconf 91' lang='lat' dir='ltr'>inter</span> <span class='ocrx_word' id='word_1_144' title='bbox 613 1982 646 2023; x_wconf 93' lang='lat' dir='ltr'>se</span> <span class='ocrx_word' id='word_1_145' title='bbox 670 1961 809 2035; x_wconf 87' lang='lat' dir='ltr'>traditos</span> <span class='ocrx_word' id='word_1_146' title='bbox 837 1971 908 2023; x_wconf 89' lang='lat' dir='ltr'>ante</span> <span class='ocrx_word' id='word_1_147' title='bbox 935 1961 1030 2022; x_wconf 89' lang='lat' dir='ltr'>aciem</span> <span class='ocrx_word' id='word_1_148' title='bbox 1053 1959 1245 2023; x_wconf 89' lang='lat' dir='ltr'>conlocarunt</span> 
     </span>
     <span class='ocr_line' id='line_1_21' title="bbox 180 2047 1245 2128; baseline -0.003 -19"><span class='ocrx_word' id='word_1_149' title='bbox 180 2071 208 2109; x_wconf 81' lang='lat' dir='ltr'>ao</span> <span class='ocrx_word' id='word_1_150' title='bbox 224 2055 419 2128; x_wconf 86' lang='lat' dir='ltr'>extremoque</span> <span class='ocrx_word' id='word_1_151' title='bbox 447 2059 582 2127; x_wconf 88' lang='lat' dir='ltr'>tempore</span> <span class='ocrx_word' id='word_1_152' title='bbox 609 2047 668 2109; x_wconf 90' lang='lat' dir='ltr'>diei</span> <span class='ocrx_word' id='word_1_153' title='bbox 695 2049 780 2128; x_wconf 86' lang='lat' dir='ltr'>signo</span> <span class='ocrx_word' id='word_1_154' title='bbox 809 2047 1005 2127; x_wconf 90' lang='lat' dir='ltr'>pronuntiato</span> <span class='ocrx_word' id='word_1_155' title='bbox 1027 2066 1087 2107; x_wconf 92' lang='lat' dir='ltr'>uuo</span> <span class='ocrx_word' id='word_1_156' title='bbox 1110 2055 1245 2125; x_wconf 93' lang='lat' dir='ltr'>tempore</span> 
     </span>
     <span class='ocr_line' id='line_1_22' title="bbox 222 2132 1244 2214; baseline 0.001 -21"><span class='ocrx_word' id='word_1_157' title='bbox 222 2132 426 2200; x_wconf 90' lang='lat' dir='ltr'>incenderunt.</span> <span class='ocrx_word' id='word_1_158' title='bbox 470 2134 520 2194; x_wconf 90' lang='lat' dir='ltr'>Ita</span> <span class='ocrx_word' id='word_1_159' title='bbox 548 2135 703 2195; x_wconf 90' lang='lat' dir='ltr'>continens</span> <span class='ocrx_word' id='word_1_160' title='bbox 726 2135 848 2195; x_wconf 88' lang='lat' dir='ltr'>flamma</span> <span class='ocrx_word' id='word_1_161' title='bbox 869 2134 970 2214; x_wconf 89' lang='lat' dir='ltr'>copias</span> <span class='ocrx_word' id='word_1_162' title='bbox 994 2151 1098 2194; x_wconf 92' lang='lat' dir='ltr'>omnes</span> <span class='ocrx_word' id='word_1_163' title='bbox 1120 2140 1244 2212; x_wconf 88' lang='lat' dir='ltr'>repente</span> 
     </span>
     <span class='ocr_line' id='line_1_23' title="bbox 224 2217 1244 2298; baseline 0.001 -18"><span class='ocrx_word' id='word_1_164' title='bbox 224 2238 244 2280; x_wconf 90' lang='lat' dir='ltr'>a</span> <span class='ocrx_word' id='word_1_165' title='bbox 278 2227 440 2298; x_wconf 89' lang='lat' dir='ltr'>conspectu</span> <span class='ocrx_word' id='word_1_166' title='bbox 468 2219 546 2280; x_wconf 86' lang='lat' dir='ltr'>texit</span> <span class='ocrx_word' id='word_1_167' title='bbox 572 2219 787 2281; x_wconf 89' lang='lat' dir='ltr'>Romanorum.</span> <span class='ocrx_word' id='word_1_168' title='bbox 832 2217 922 2289; x_wconf 83' lang='lat' dir='ltr'>Quod</span> <span class='ocrx_word' id='word_1_169' title='bbox 944 2219 997 2282; x_wconf 90' lang='lat' dir='ltr'>ubi</span> <span class='ocrx_word' id='word_1_170' title='bbox 1018 2218 1142 2290; x_wconf 85' lang='lat' dir='ltr'>accidit,</span> <span class='ocrx_word' id='word_1_171' title='bbox 1171 2219 1244 2281; x_wconf 90' lang='lat' dir='ltr'>bar-</span> 
     </span>
     <span class='ocr_line' id='line_1_24' title="bbox 222 2305 965 2385; baseline 0.001 -19"><span class='ocrx_word' id='word_1_172' title='bbox 222 2305 290 2366; x_wconf 90' lang='lat' dir='ltr'>bari</span> <span class='ocrx_word' id='word_1_173' title='bbox 312 2305 577 2366; x_wconf 89' lang='lat' dir='ltr'>vehementissimo</span> <span class='ocrx_word' id='word_1_174' title='bbox 600 2324 688 2365; x_wconf 91' lang='lat' dir='ltr'>cursu</span> <span class='ocrx_word' id='word_1_175' title='bbox 710 2306 889 2385; x_wconf 83' lang='lat' dir='ltr'>refugemnt.</span> <span class='ocrx_word' id='word_1_176' title='bbox 951 2338 965 2360; x_wconf 64' lang='lat' dir='ltr'>x</span> 
     </span>
     <span class='ocr_line' id='line_1_25' title="bbox 181 2390 1244 2471; baseline 0 -19"><span class='ocrx_word' id='word_1_177' title='bbox 181 2393 213 2444; x_wconf 89' lang='lat'>16</span> <span class='ocrx_word' id='word_1_178' title='bbox 287 2391 401 2452; x_wconf 82' lang='lat' dir='ltr'>Caesar</span> <span class='ocrx_word' id='word_1_179' title='bbox 423 2391 481 2452; x_wconf 92' lang='lat' dir='ltr'>etsi</span> <span class='ocrx_word' id='word_1_180' title='bbox 504 2391 668 2451; x_wconf 90' lang='lat' dir='ltr'>discessum</span> <span class='ocrx_word' id='word_1_181' title='bbox 689 2390 820 2451; x_wconf 91' lang='lat' dir='ltr'>hostium</span> <span class='ocrx_word' id='word_1_182' title='bbox 844 2391 1082 2453; x_wconf 89' lang='lat' dir='ltr'>animadvertere</span> <span class='ocrx_word' id='word_1_183' title='bbox 1097 2410 1158 2452; x_wconf 92' lang='lat' dir='ltr'>uon</span> <span class='ocrx_word' id='word_1_184' title='bbox 1173 2400 1244 2471; x_wconf 91' lang='lat' dir='ltr'>pot-</span> 
     </span>
     <span class='ocr_line' id='line_1_26' title="bbox 179 2477 1244 2557; baseline 0.002 -19"><span class='ocrx_word' id='word_1_185' title='bbox 179 2509 207 2547; x_wconf 67' lang='lat'>23</span> <span class='ocrx_word' id='word_1_186' title='bbox 223 2486 291 2538; x_wconf 90' lang='lat' dir='ltr'>erat</span> <span class='ocrx_word' id='word_1_187' title='bbox 318 2477 461 2538; x_wconf 89' lang='lat' dir='ltr'>incendiis</span> <span class='ocrx_word' id='word_1_188' title='bbox 492 2477 654 2556; x_wconf 90' lang='lat' dir='ltr'>oppositis,</span> <span class='ocrx_word' id='word_1_189' title='bbox 683 2484 800 2551; x_wconf 89' lang='lat' dir='ltr'>tamen,</span> <span class='ocrx_word' id='word_1_190' title='bbox 829 2477 861 2539; x_wconf 93' lang='lat' dir='ltr'>id</span> <span class='ocrx_word' id='word_1_191' title='bbox 888 2477 1045 2540; x_wconf 90' lang='lat' dir='ltr'>consilium</span> <span class='ocrx_word' id='word_1_192' title='bbox 1068 2496 1134 2539; x_wconf 90' lang='lat' dir='ltr'>cum</span> <span class='ocrx_word' id='word_1_193' title='bbox 1155 2478 1244 2557; x_wconf 87' lang='lat' dir='ltr'>fugae</span> 
     </span>
     <span class='ocr_line' id='line_1_27' title="bbox 222 2562 1244 2643; baseline 0.001 -19"><span class='ocrx_word' id='word_1_194' title='bbox 222 2582 317 2624; x_wconf 88' lang='lat' dir='ltr'>cansa</span> <span class='ocrx_word' id='word_1_195' title='bbox 335 2563 443 2623; x_wconf 88' lang='lat' dir='ltr'>initum</span> <span class='ocrx_word' id='word_1_196' title='bbox 459 2563 673 2642; x_wconf 87' lang='lat' dir='ltr'>suspicaretur,</span> <span class='ocrx_word' id='word_1_197' title='bbox 696 2562 828 2642; x_wconf 85' lang='lat' dir='ltr'>legiones</span> <span class='ocrx_word' id='word_1_198' title='bbox 841 2572 1014 2643; x_wconf 84' lang='lat' dir='ltr'>promovet,</span> <span class='ocrx_word' id='word_1_199' title='bbox 1037 2573 1154 2625; x_wconf 88' lang='lat' dir='ltr'>turmas</span> <span class='ocrx_word' id='word_1_200' title='bbox 1169 2564 1244 2625; x_wconf 90' lang='lat' dir='ltr'>mit-</span> 
     </span>
     <span class='ocr_line' id='line_1_28' title="bbox 222 2648 1244 2730; baseline 0.001 -20"><span class='ocrx_word' id='word_1_201' title='bbox 222 2649 261 2710; x_wconf 89' lang='lat' dir='ltr'>tit</span> <span class='ocrx_word' id='word_1_202' title='bbox 282 2650 322 2710; x_wconf 91' lang='lat' dir='ltr'>ad</span> <span class='ocrx_word' id='word_1_203' title='bbox 343 2649 575 2730; x_wconf 66' lang='lat' dir='ltr'>insequendum</span> <span class='ocrx_word' id='word_1_204' title='bbox 597 2649 663 2729; x_wconf 92' lang='lat' dir='ltr'>ipse</span> <span class='ocrx_word' id='word_1_205' title='bbox 685 2650 800 2711; x_wconf 90' lang='lat' dir='ltr'>veritus</span> <span class='ocrx_word' id='word_1_206' title='bbox 822 2650 964 2724; x_wconf 90' lang='lat' dir='ltr'>insidias,</span> <span class='ocrx_word' id='word_1_207' title='bbox 988 2669 1025 2711; x_wconf 93' lang='lat' dir='ltr'>ne</span> <span class='ocrx_word' id='word_1_208' title='bbox 1047 2651 1124 2711; x_wconf 80' lang='lat' dir='ltr'>forte</span> <span class='ocrx_word' id='word_1_209' title='bbox 1138 2648 1172 2711; x_wconf 92' lang='lat' dir='ltr'>in</span> <span class='ocrx_word' id='word_1_210' title='bbox 1190 2669 1244 2711; x_wconf 89' lang='lat' dir='ltr'>eo-</span> 
     </span>
     <span class='ocr_line' id='line_1_29' title="bbox 224 2735 1246 2816; baseline 0.002 -20"><span class='ocrx_word' id='word_1_211' title='bbox 224 2736 290 2796; x_wconf 90' lang='lat' dir='ltr'>dem</span> <span class='ocrx_word' id='word_1_212' title='bbox 312 2736 379 2796; x_wconf 90' lang='lat' dir='ltr'>loco</span> <span class='ocrx_word' id='word_1_213' title='bbox 403 2735 567 2796; x_wconf 88' lang='lat' dir='ltr'>subsistere</span> <span class='ocrx_word' id='word_1_214' title='bbox 588 2735 685 2796; x_wconf 93' lang='lat' dir='ltr'>hostis</span> <span class='ocrx_word' id='word_1_215' title='bbox 708 2746 799 2816; x_wconf 90' lang='lat' dir='ltr'>atque</span> <span class='ocrx_word' id='word_1_216' title='bbox 822 2737 927 2799; x_wconf 87' lang='lat' dir='ltr'>elicere</span> <span class='ocrx_word' id='word_1_217' title='bbox 949 2743 1070 2798; x_wconf 90' lang='lat' dir='ltr'>nostros</span> <span class='ocrx_word' id='word_1_218' title='bbox 1092 2736 1246 2798; x_wconf 89' lang='lat' dir='ltr'>inlocum</span> 
     </span>
     <span class='ocr_line' id='line_1_30' title="bbox 222 2822 1245 2904; baseline 0.001 -21"><span class='ocrx_word' id='word_1_219' title='bbox 222 2830 382 2883; x_wconf 88' lang='lat' dir='ltr'>conaretur</span> <span class='ocrx_word' id='word_1_220' title='bbox 404 2822 553 2902; x_wconf 90' lang='lat' dir='ltr'>iniquum,</span> <span class='ocrx_word' id='word_1_221' title='bbox 578 2822 694 2883; x_wconf 89' lang='lat' dir='ltr'>tardius</span> <span class='ocrx_word' id='word_1_222' title='bbox 716 2824 859 2902; x_wconf 87' lang='lat' dir='ltr'>procedit.</span> <span class='ocrx_word' id='word_1_223' title='bbox 892 2823 1019 2904; x_wconf 85' lang='lat' dir='ltr'>Equites</span> <span class='ocrx_word' id='word_1_224' title='bbox 1042 2841 1108 2884; x_wconf 91' lang='lat' dir='ltr'>cnm</span> <span class='ocrx_word' id='word_1_225' title='bbox 1130 2822 1245 2885; x_wconf 88' lang='lat' dir='ltr'>intrare</span> 
     </span>
     <span class='ocr_line' id='line_1_31' title="bbox 182 2908 1245 2989; baseline 0.001 -19"><span class='ocrx_word' id='word_1_226' title='bbox 182 2927 371 2970; x_wconf 78' lang='lat' dir='ltr'>assummum</span> <span class='ocrx_word' id='word_1_227' title='bbox 394 2908 493 2989; x_wconf 90' lang='lat' dir='ltr'>iugum</span> <span class='ocrx_word' id='word_1_228' title='bbox 516 2917 547 2969; x_wconf 92' lang='lat' dir='ltr'>et</span> <span class='ocrx_word' id='word_1_229' title='bbox 569 2908 722 2969; x_wconf 90' lang='lat' dir='ltr'>flammam</span> <span class='ocrx_word' id='word_1_230' title='bbox 745 2911 957 2972; x_wconf 89' lang='lat' dir='ltr'>densissimam</span> <span class='ocrx_word' id='word_1_231' title='bbox 979 2909 1121 2971; x_wconf 90' lang='lat' dir='ltr'>timerent</span> <span class='ocrx_word' id='word_1_232' title='bbox 1142 2927 1194 2981; x_wconf 87' lang='lat' dir='ltr'>ac,</span> <span class='ocrx_word' id='word_1_233' title='bbox 1217 2909 1245 2971; x_wconf 89' lang='lat' dir='ltr'>si</span> 
     </span>
     <span class='ocr_line' id='line_1_32' title="bbox 222 2993 1243 3076; baseline 0.003 -22"><span class='ocrx_word' id='word_1_234' title='bbox 222 2993 273 3075; x_wconf 92' lang='lat' dir='ltr'>qui</span> <span class='ocrx_word' id='word_1_235' title='bbox 300 2994 435 3074; x_wconf 91' lang='lat' dir='ltr'>cupidius</span> <span class='ocrx_word' id='word_1_236' title='bbox 462 2995 666 3069; x_wconf 89' lang='lat' dir='ltr'>intraverant,</span> <span class='ocrx_word' id='word_1_237' title='bbox 700 2996 752 3056; x_wconf 84' lang='lat' dir='ltr'>vix</span> <span class='ocrx_word' id='word_1_238' title='bbox 778 3016 900 3058; x_wconf 90' lang='lat' dir='ltr'>suorum</span> <span class='ocrx_word' id='word_1_239' title='bbox 921 2995 980 3076; x_wconf 91' lang='lat' dir='ltr'>ipsi</span> <span class='ocrx_word' id='word_1_240' title='bbox 1001 2995 1115 3075; x_wconf 87' lang='lat' dir='ltr'>priores</span> <span class='ocrx_word' id='word_1_241' title='bbox 1138 3004 1243 3075; x_wconf 88' lang='lat' dir='ltr'>partes</span> 
     </span>
     <span class='ocr_line' id='line_1_33' title="bbox 222 3080 1243 3160; baseline 0.001 -18"><span class='ocrx_word' id='word_1_242' title='bbox 222 3080 499 3142; x_wconf 87' lang='lat' dir='ltr'>animadverterent</span> <span class='ocrx_word' id='word_1_243' title='bbox 521 3100 679 3160; x_wconf 88' lang='lat' dir='ltr'>equorum,</span> <span class='ocrx_word' id='word_1_244' title='bbox 706 3082 833 3144; x_wconf 92' lang='lat' dir='ltr'>insidias</span> <span class='ocrx_word' id='word_1_245' title='bbox 856 3083 944 3144; x_wconf 86' lang='lat' dir='ltr'>veriti</span> <span class='ocrx_word' id='word_1_246' title='bbox 966 3082 1092 3143; x_wconf 89' lang='lat' dir='ltr'>liberam</span> <span class='ocrx_word' id='word_1_247' title='bbox 1113 3081 1243 3143; x_wconf 80' lang='lat' dir='ltr'>faculta-</span> 
     </span>
     <span class='ocr_line' id='line_1_34' title="bbox 222 3167 1242 3247; baseline 0.002 -20"><span class='ocrx_word' id='word_1_248' title='bbox 222 3174 284 3228; x_wconf 92' lang='lat' dir='ltr'>tem</span> <span class='ocrx_word' id='word_1_249' title='bbox 313 3167 360 3229; x_wconf 92' lang='lat' dir='ltr'>sui</span> <span class='ocrx_word' id='word_1_250' title='bbox 387 3167 547 3247; x_wconf 88' lang='lat' dir='ltr'>recipiendi</span> <span class='ocrx_word' id='word_1_251' title='bbox 569 3167 739 3229; x_wconf 89' lang='lat' dir='ltr'>Bellovacis</span> <span class='ocrx_word' id='word_1_252' title='bbox 762 3170 918 3231; x_wconf 88' lang='lat' dir='ltr'>dederunt</span> <span class='ocrx_word' id='word_1_253' title='bbox 962 3168 1012 3228; x_wconf 90' lang='lat' dir='ltr'>Ita</span> <span class='ocrx_word' id='word_1_254' title='bbox 1032 3168 1104 3247; x_wconf 82' lang='lat' dir='ltr'>luga</span> <span class='ocrx_word' id='word_1_255' title='bbox 1126 3167 1242 3229; x_wconf 86' lang='lat' dir='ltr'>timoris</span> 
     </span>
     <span class='ocr_line' id='line_1_35' title="bbox 223 3252 1243 3334; baseline 0 -20"><span class='ocrx_word' id='word_1_256' title='bbox 223 3253 313 3315; x_wconf 89' lang='lat' dir='ltr'>simul</span> <span class='ocrx_word' id='word_1_257' title='bbox 334 3252 567 3334; x_wconf 85' lang='lat' dir='ltr'>calliditatisque</span> <span class='ocrx_word' id='word_1_258' title='bbox 589 3254 680 3333; x_wconf 90' lang='lat' dir='ltr'>plena</span> <span class='ocrx_word' id='word_1_259' title='bbox 702 3254 767 3316; x_wconf 92' lang='lat' dir='ltr'>sine</span> <span class='ocrx_word' id='word_1_260' title='bbox 789 3255 851 3316; x_wconf 93' lang='lat' dir='ltr'>ullo</span> <span class='ocrx_word' id='word_1_261' title='bbox 874 3253 1053 3317; x_wconf 89' lang='lat' dir='ltr'>detrimento</span> <span class='ocrx_word' id='word_1_262' title='bbox 1077 3253 1160 3315; x_wconf 92' lang='lat' dir='ltr'>milia</span> <span class='ocrx_word' id='word_1_263' title='bbox 1181 3273 1243 3315; x_wconf 94' lang='lat' dir='ltr'>non</span> 
     </span>
     <span class='ocr_line' id='line_1_36' title="bbox 179 3339 1243 3421; baseline 0 -20"><span class='ocrx_word' id='word_1_264' title='bbox 179 3339 351 3419; x_wconf 72' lang='lat' dir='ltr'>etamplius</span> <span class='ocrx_word' id='word_1_265' title='bbox 385 3341 488 3401; x_wconf 91' lang='lat' dir='ltr'>decem</span> <span class='ocrx_word' id='word_1_266' title='bbox 519 3340 669 3421; x_wconf 86' lang='lat' dir='ltr'>progressi</span> <span class='ocrx_word' id='word_1_267' title='bbox 695 3340 798 3402; x_wconf 89' lang='lat' dir='ltr'>hostes</span> <span class='ocrx_word' id='word_1_268' title='bbox 825 3341 888 3403; x_wconf 93' lang='lat' dir='ltr'>loco</span> <span class='ocrx_word' id='word_1_269' title='bbox 916 3339 1118 3401; x_wconf 86' lang='lat' dir='ltr'>munitissimo</span> <span class='ocrx_word' id='word_1_270' title='bbox 1140 3349 1243 3401; x_wconf 90' lang='lat' dir='ltr'>castra</span> 
     </span>
     <span class='ocr_line' id='line_1_37' title="bbox 222 3426 1243 3507; baseline 0.001 -20"><span class='ocrx_word' id='word_1_271' title='bbox 222 3435 395 3504; x_wconf 90' lang='lat' dir='ltr'>posuerunt.</span> <span class='ocrx_word' id='word_1_272' title='bbox 439 3426 513 3488; x_wconf 91' lang='lat' dir='ltr'>Inde</span> <span class='ocrx_word' id='word_1_273' title='bbox 536 3446 601 3488; x_wconf 90' lang='lat' dir='ltr'>cum</span> <span class='ocrx_word' id='word_1_274' title='bbox 623 3446 715 3506; x_wconf 86' lang='lat' dir='ltr'>saepe</span> <span class='ocrx_word' id='word_1_275' title='bbox 735 3426 766 3487; x_wconf 95' lang='lat' dir='ltr'>in</span> <span class='ocrx_word' id='word_1_276' title='bbox 788 3426 905 3496; x_wconf 85' lang='lat' dir='ltr'>insidiis</span> <span class='ocrx_word' id='word_1_277' title='bbox 929 3426 1045 3507; x_wconf 88' lang='lat' dir='ltr'>equites</span> <span class='ocrx_word' id='word_1_278' title='bbox 1067 3426 1243 3507; x_wconf 87' lang='lat' dir='ltr'>peditesque</span> 
     </span>
     <span class='ocr_line' id='line_1_38' title="bbox 223 3511 1242 3592; baseline 0.001 -19"><span class='ocrx_word' id='word_1_279' title='bbox 223 3512 432 3592; x_wconf 90' lang='lat' dir='ltr'>disponerent,</span> <span class='ocrx_word' id='word_1_280' title='bbox 467 3532 577 3592; x_wconf 88' lang='lat' dir='ltr'>magna</span> <span class='ocrx_word' id='word_1_281' title='bbox 604 3513 785 3574; x_wconf 89' lang='lat' dir='ltr'>detrimenta</span> <span class='ocrx_word' id='word_1_282' title='bbox 811 3513 958 3575; x_wconf 91' lang='lat' dir='ltr'>Romanis</span> <span class='ocrx_word' id='word_1_283' title='bbox 980 3511 1013 3573; x_wconf 95' lang='lat' dir='ltr'>in</span> <span class='ocrx_word' id='word_1_284' title='bbox 1033 3512 1242 3592; x_wconf 87' lang='lat' dir='ltr'>pabulationi-</span> 
     </span>
     <span class='ocr_line' id='line_1_39' title="bbox 222 3598 478 3659; baseline 0 0"><span class='ocrx_word' id='word_1_285' title='bbox 222 3598 279 3659; x_wconf 91' lang='lat' dir='ltr'>bus</span> <span class='ocrx_word' id='word_1_286' title='bbox 301 3598 478 3659; x_wconf 80' lang='lat' dir='ltr'>inferebant.</span> 
     </span>
     <span class='ocr_line' id='line_1_40' title="bbox 181 3682 1243 3765; baseline 0.002 -21"><span class='ocrx_word' id='word_1_287' title='bbox 181 3692 214 3744; x_wconf 83' lang='lat'>17</span> <span class='ocrx_word' id='word_1_288' title='bbox 287 3682 377 3754; x_wconf 79' lang='lat' dir='ltr'>Quod</span> <span class='ocrx_word' id='word_1_289' title='bbox 399 3705 465 3746; x_wconf 90' lang='lat' dir='ltr'>cum</span> <span class='ocrx_word' id='word_1_290' title='bbox 488 3684 617 3746; x_wconf 90' lang='lat' dir='ltr'>crebrius</span> <span class='ocrx_word' id='word_1_291' title='bbox 639 3685 799 3758; x_wconf 90' lang='lat' dir='ltr'>accideret,</span> <span class='ocrx_word' id='word_1_292' title='bbox 824 3705 862 3746; x_wconf 87' lang='lat' dir='ltr'>ex</span> <span class='ocrx_word' id='word_1_293' title='bbox 877 3685 996 3765; x_wconf 90' lang='lat' dir='ltr'>captivo</span> <span class='ocrx_word' id='word_1_294' title='bbox 1013 3685 1144 3765; x_wconf 90' lang='lat' dir='ltr'>quodam</span> <span class='ocrx_word' id='word_1_295' title='bbox 1159 3704 1243 3746; x_wconf 91' lang='lat' dir='ltr'>com-</span> 
     </span>
     <span class='ocr_line' id='line_1_41' title="bbox 177 3770 1241 3850; baseline 0.003 -20"><span class='ocrx_word' id='word_1_296' title='bbox 177 3799 207 3837; x_wconf 55' lang='grc' dir='ltr'>ιο</span> <span class='ocrx_word' id='word_1_297' title='bbox 221 3771 301 3850; x_wconf 92' lang='lat' dir='ltr'>perit</span> <span class='ocrx_word' id='word_1_298' title='bbox 315 3771 429 3832; x_wconf 85' lang='lat' dir='ltr'>Caesar</span> <span class='ocrx_word' id='word_1_299' title='bbox 444 3770 604 3844; x_wconf 82' lang='lat' dir='ltr'>Carreum,</span> <span class='ocrx_word' id='word_1_300' title='bbox 626 3770 856 3832; x_wconf 88' lang='lat' dir='ltr'>Bellovacorum</span> <span class='ocrx_word' id='word_1_301' title='bbox 871 3774 985 3846; x_wconf 90' lang='lat' dir='ltr'>ducem,</span> <span class='ocrx_word' id='word_1_302' title='bbox 1008 3770 1241 3833; x_wconf 84' lang='lat' dir='ltr'>fortissimomm</span> 
     </span>
     <span class='ocr_line' id='line_1_42' title="bbox 221 3855 1241 3940; baseline 0.004 -23"><span class='ocrx_word' id='word_1_303' title='bbox 221 3855 305 3917; x_wconf 88' lang='lat' dir='ltr'>milia</span> <span class='ocrx_word' id='word_1_304' title='bbox 338 3876 392 3917; x_wconf 82' lang='lat' dir='ltr'>sex</span> <span class='ocrx_word' id='word_1_305' title='bbox 417 3858 552 3936; x_wconf 89' lang='lat' dir='ltr'>peditum</span> <span class='ocrx_word' id='word_1_306' title='bbox 581 3855 727 3936; x_wconf 91' lang='lat' dir='ltr'>delegisse</span> <span class='ocrx_word' id='word_1_307' title='bbox 754 3858 927 3940; x_wconf 89' lang='lat' dir='ltr'>equitesque</span> <span class='ocrx_word' id='word_1_308' title='bbox 955 3858 1094 3920; x_wconf 87' lang='lat' dir='ltr'>exomni</span> <span class='ocrx_word' id='word_1_309' title='bbox 1117 3877 1241 3921; x_wconf 91' lang='lat' dir='ltr'>numero</span> 
     </span>
     <span class='ocr_line' id='line_1_43' title="bbox 222 3942 1242 4025; baseline -0.001 -19"><span class='ocrx_word' id='word_1_310' title='bbox 222 3942 317 4016; x_wconf 88' lang='lat' dir='ltr'>mille,</span> <span class='ocrx_word' id='word_1_311' title='bbox 342 3962 417 4022; x_wconf 90' lang='lat' dir='ltr'>quos</span> <span class='ocrx_word' id='word_1_312' title='bbox 438 3943 471 4004; x_wconf 92' lang='lat' dir='ltr'>in</span> <span class='ocrx_word' id='word_1_313' title='bbox 492 3943 609 4005; x_wconf 88' lang='lat' dir='ltr'>insidiis</span> <span class='ocrx_word' id='word_1_314' title='bbox 632 3943 754 4022; x_wconf 91' lang='lat' dir='ltr'>eoloco</span> <span class='ocrx_word' id='word_1_315' title='bbox 777 3945 961 4020; x_wconf 89' lang='lat' dir='ltr'>conlocaret,</span> <span class='ocrx_word' id='word_1_316' title='bbox 985 3964 1074 4025; x_wconf 89' lang='lat' dir='ltr'>quem</span> <span class='ocrx_word' id='word_1_317' title='bbox 1095 3943 1242 4007; x_wconf 88' lang='lat' dir='ltr'>inlocum</span> 
     </span>
    </p>
   </div>
   <div class='ocr_carea' id='block_1_3' title="bbox 0 0 1312 4492">
    <p class='ocr_par' dir='ltr' id='par_1_3' title="bbox 0 0 1312 4492">
     <span class='ocr_line' id='line_1_44' title="bbox 0 0 1312 4492; baseline 0 1"><span class='ocrx_word' id='word_1_318' title='bbox 0 0 1312 4492; x_wconf 95' lang='lat' dir='ltr'> </span> 
     </span>
    </p>
   </div>
  </div>
 </body>
</html>
