2616 4492
207 290 250 356 68
414 352 416 357 .
540 306 588 351 nn
611 304 729 351 nanno
754 301 911 351 cannroo

208 444 357 526 equitibus
379 457 472 506 Doce
495 443 527 504 in
549 445 625 504 fines
649 443 850 505 Treverorum
872 441 1081 523 proficiscitur,
1105 443 1185 522 qnod
1206 441 1239 503 hi

208 550 305 612 neque
329 531 369 591 ad
391 528 516 591 concilia
538 529 702 591 veniebant
724 547 821 610 neque
842 529 968 609 imperio
991 528 1142 608 parebant
1157 528 1239 590 Ger-

208 635 374 698 manosque
397 616 638 677 transrhenanos
662 616 824 678 sollicitare
848 616 1034 676 dicebantur.

177 711 195 762 3
272 703 359 764 Haec
391 701 498 763 civitas
531 703 620 781 longe
653 701 813 782 plurimum
841 701 936 762 totius
959 700 1079 762 Galliac
1101 701 1238 780 equitatu

178 789 291 854 evalet
318 806 505 868 magnasque
530 788 625 849 habet
647 788 750 868 copias
773 788 924 868 peditum,
952 786 1169 866 Rhenumque,
1202 796 1238 848 ut

207 894 300 955 supra
316 873 608 948 demonstravimus,
632 874 741 954 tangit.
774 875 811 935 In
828 894 865 934 ea
880 873 1005 935 civitate
1021 874 1079 934 duo
1096 875 1133 934 de
1147 873 1237 953 prin-

169 1034 173 1043 ,
207 962 309 1042 cipatn
330 960 410 1020 inter
432 980 465 1020 se
487 961 727 1035 contendebant,
750 961 976 1022 Indutiomarus
999 967 1030 1020 et
1045 959 1237 1039 Giugetorix;

209 1067 226 1110 e
249 1047 357 1127 quibus
380 1046 468 1121 alter,
492 1046 581 1106 simul
605 1055 697 1126 atque
722 1048 760 1107 de
782 1046 924 1108 Caesaris
945 1044 1155 1126 legionumque
1178 1047 1237 1106 ad-

207 1141 302 1194 ventu
325 1132 473 1212 cognitum
497 1142 559 1206 est,
589 1133 719 1194 adeum
741 1133 837 1206 venit,
868 1151 901 1193 se
923 1150 1053 1211 suosque
1076 1147 1181 1192 omnes
1203 1132 1236 1192 in

169 1249 193 1287 ιο
208 1219 306 1281 officio
334 1219 450 1280 tuturos
474 1237 571 1299 neque
594 1219 635 1279 ab
657 1217 792 1280 amicitia
813 1218 918 1298 populi
939 1217 1073 1279 Romani
1095 1217 1237 1278 delectu-

207 1325 258 1368 ros
292 1304 482 1366 conhrmavit
510 1323 647 1385 quaeque
674 1305 706 1365 in
732 1304 874 1366 Treveris
897 1312 1071 1384 gererentur
1092 1303 1235 1365 ostendit.

206 1391 254 1470 At
285 1391 511 1453 Indutiomarus
546 1391 713 1470 equitatum
740 1391 969 1471 peditatumque
996 1408 1101 1470 cogere
1121 1389 1235 1470 iisqne,

207 1478 258 1559 qui
290 1497 346 1557 per
373 1485 506 1538 aetatem
533 1476 566 1538 in
589 1477 681 1538 armis
705 1497 773 1538 esse
795 1496 855 1538 non
877 1485 1037 1556 poterant,
1071 1476 1103 1537 in
1125 1476 1236 1539 silvam

206 1563 405 1626 Arduennam
429 1563 557 1636 abditis,
581 1583 657 1643 quae
679 1563 795 1643 ingenti
816 1562 1022 1643 magnitudine
1043 1581 1099 1642 per
1119 1562 1236 1624 medios

169 1681 192 1717 a
207 1651 281 1711 fines
312 1651 512 1711 Treverorum
540 1669 560 1711 e
587 1649 709 1710 flumine
737 1650 845 1711 Rheno
869 1650 909 1710 ad
930 1648 1048 1710 initium
1070 1648 1235 1711 Remorum

206 1736 353 1817 pertinet,
382 1735 494 1797 bellum
522 1755 631 1816 parare
658 1735 799 1797 instituit.
850 1734 912 1797 Sed
933 1742 1134 1814 posteaquam
1157 1753 1236 1795 non-

206 1821 281 1883 nulli
307 1822 459 1902 principes
488 1841 525 1883 ex
547 1841 584 1883 ea
606 1821 729 1883 civitate
752 1830 783 1882 et
802 1820 1012 1882 familiaritate
1034 1819 1235 1901 Cingetorigis

206 1907 329 1969 adducti
352 1917 383 1968 et
405 1909 539 1968 adventu
562 1907 659 1969 nostri
682 1908 830 1969 exercitus
845 1905 998 1987 perterriti
1014 1907 1054 1968 ad
1069 1906 1235 1968 Caesarem

206 2001 356 2054 venerunt
389 2002 420 2053 et
453 1995 490 2054 de
524 1994 586 2055 suis
619 1994 761 2074 privatim
789 1993 881 2055 rebus
908 1993 948 2054 ab
976 2011 1012 2053 eo
1039 2000 1141 2071 petere
1164 2012 1236 2054 coe-

164 2108 193 2145 20
206 2087 331 2159 parunt,
360 2078 503 2159 quoniam
527 2079 643 2140 civitati
665 2081 822 2141 consulere
845 2098 905 2140 non
927 2087 1069 2158 possent,
1098 2079 1234 2152 veritus,

206 2184 246 2226 ne
269 2166 307 2226 ab
331 2164 469 2225 omnibus
492 2165 690 2240 desereretur,
713 2165 938 2227 Indutiomarus
960 2164 1076 2245 legatos
1099 2165 1139 2225 ad
1153 2164 1236 2226 an-

206 2269 306 2312 sarem
329 2250 439 2311 mittit:
464 2249 539 2312 Sese
561 2251 672 2312 idcirco
695 2252 734 2312 ab
758 2251 820 2313 suis
836 2251 988 2312 discedere
1004 2259 1097 2330 atque
1111 2252 1151 2313 ad
1166 2270 1235 2313 eum

206 2336 310 2398 venire
344 2336 493 2410 noluisse,
527 2355 587 2417 quo
619 2337 737 2399 facilius
771 2337 926 2398 civitatem
953 2337 985 2398 in
1013 2336 1110 2398 officio
1134 2337 1235 2399 conti-

206 2431 305 2496 neret,
334 2442 372 2482 ne
395 2422 491 2482 omnis
514 2422 682 2484 nobilitatis
706 2423 841 2484 discessu
862 2422 949 2503 plebs
971 2431 1096 2503 propter
1116 2423 1235 2503 Impru-

164 2537 192 2575 ar
206 2508 341 2570 dentiam
374 2508 533 2569 laberetur.
587 2509 696 2588 Itaque
725 2529 792 2570 esse
822 2509 975 2571 civitatem
1003 2508 1035 2569 in
1064 2528 1121 2570 sua
1141 2519 1234 2589 pote-

206 2603 303 2669 state,
332 2613 471 2674 seseque,
500 2594 527 2655 si
554 2593 670 2656 Caesar
690 2595 894 2675 pemmitteret,
922 2596 963 2656 ad
985 2613 1052 2656 eum
1074 2595 1107 2655 ln
1128 2604 1235 2658 castra

206 2689 377 2754 venturum,
395 2700 465 2741 suas
481 2680 673 2761 civitatisque
688 2682 826 2743 fortunas
843 2681 907 2743 eius
923 2680 994 2743 fidei
1007 2681 1234 2761 permissurum.

176 2781 194 2829 4
273 2765 398 2838 Caesar,
427 2766 486 2827 etsi
507 2765 718 2846 intellegebat,
747 2786 808 2846 qua
830 2768 867 2828 de
889 2787 982 2828 causa
1005 2786 1041 2828 ea
1063 2767 1235 2829 dicerentur

206 2871 343 2932 quaeque
371 2871 438 2912 eum
460 2872 508 2913 res
532 2853 570 2913 ab
593 2852 733 2914 instituto
757 2854 880 2915 consilio
904 2855 1083 2928 deterreret,
1112 2862 1234 2927 tamen,

165 2957 191 2994 ao
207 2957 244 2998 ne
268 2946 418 2999 aestatem
439 2938 471 2999 in
494 2938 637 3000 Treveris
660 2958 835 3001 consumere
858 2949 1013 3021 cogeretur
1035 2939 1173 3002 omnibus
1194 2940 1234 3001 ad

205 3023 414 3085 Britannicum
441 3024 554 3085 bellum
581 3026 671 3087 rebus
699 3027 897 3106 comparatis,
931 3025 1170 3087 Indutiomarum
1193 3028 1234 3088 ad

206 3129 238 3170 se
272 3129 339 3171 eum
374 3110 510 3172 ducentis
539 3110 696 3174 obsidibus
724 3112 828 3174 venire
853 3112 952 3173 iussit.
995 3111 1053 3173 His
1077 3112 1233 3186 adductis,

204 3196 236 3257 in
270 3196 307 3257 iis
337 3194 398 3257 filio
421 3197 655 3277 propinquisque
679 3197 742 3259 eius
766 3198 920 3272 omnibus,
955 3216 1031 3276 quos
1053 3198 1234 3266 nominatim

205 3290 403 3357 evocaverat,
427 3284 600 3344 consolatus
623 3284 864 3347 Indutiomarum
887 3284 1088 3364 hortatusque
1108 3292 1163 3358 est,
1187 3285 1233 3346 uti

163 3387 191 3426 aa
204 3367 236 3429 in
264 3368 361 3429 officio
389 3377 542 3443 maneret3
572 3369 666 3432 nihilo
694 3379 797 3431 tamen
825 3369 920 3431 setius
943 3369 1128 3449 principibus
1152 3370 1233 3432 Tre-

204 3472 343 3515 verorum
367 3455 408 3515 ad
430 3474 463 3516 se
486 3457 659 3517 convocatis
682 3456 738 3517 hos
761 3455 936 3536 singillatIm
958 3455 1143 3536 Cingetorigi
1157 3475 1233 3518 con-

205 3539 334 3612 ciliavit,
359 3541 528 3621 quodcum
552 3542 657 3603 merito
681 3541 745 3603 eius
768 3561 788 3604 a
810 3562 842 3603 se
858 3542 922 3603 fieri
938 3540 1142 3623 intellegebat,
1166 3550 1232 3605 tum

204 3624 305 3704 magni
326 3626 475 3687 interesse
498 3627 714 3702 arbitrabatur,
739 3627 802 3690 eius
825 3629 1035 3690 anctoritatem
1057 3628 1137 3689 iuter
1159 3647 1232 3691 suos

205 3711 478 3791 quamplurimum
501 3713 619 3787 valere,
643 3714 726 3774 ouius
748 3722 812 3775 tam
835 3715 986 3795 egregiam
1008 3715 1039 3775 ln
1062 3732 1096 3775 se
1117 3713 1231 3777 volun-

162 3813 191 3852 so
204 3801 301 3855 tatem
327 3797 541 3876 perspexisset.
591 3799 627 3859 Id
654 3799 726 3859 tulit
747 3800 862 3861 factum
884 3800 1018 3881 graviter
1038 3799 1231 3862 Indutioma-

204 3897 272 3953 rus,
295 3900 382 3942 suam
405 3884 533 3963 gratiam
555 3884 635 3945 inter
650 3903 721 3946 suos
737 3885 845 3960 minui,
869 3895 914 3960 et,
939 3886 989 3968 qui
1003 3885 1065 3948 lam
1080 3895 1153 3947 ante
1167 3885 1230 3947 ini-

204 3963 281 4027 mico
296 3965 329 4027 in
344 3986 400 4029 nos
415 3969 517 4030 animo
532 3970 649 4045 luisset,
666 3970 760 4032 multo
776 3971 899 4051 gravius
910 3973 971 4035 hoc
985 3973 1090 4035 dolore
1104 3971 1231 4044 exarsit.
