2616 4492
218 250 278 310 112
539 264 588 310 nn
610 262 728 311 santo
752 262 908 311 emnroo

214 403 334 484 possint
355 409 502 482 vagentur
524 411 555 463 et
576 422 666 482 quarn
689 402 850 465 maximum
870 401 1010 464 hostibus
1026 410 1170 464 terrorem
1184 401 1235 463 iu-

215 492 322 551 lerant.
366 488 511 550 Celeriter
537 488 613 550 haec
638 490 722 550 lama
748 508 784 550 ac
810 488 924 551 nuntiis
946 489 985 549 ad
1007 488 1236 568 Vercingetori-

216 595 282 656 gem
309 576 512 654 perferuntur3
541 594 630 655 quem
651 575 803 656 perterriti
825 594 929 637 ornnes
951 574 1086 637 Arverni
1109 575 1237 636 circnm-

215 661 329 725 sistunt
351 671 442 741 atque
465 662 640 735 obsecrant,
673 671 708 723 ut
734 662 797 722 suis
819 661 948 724 fortunis
971 661 1127 736 consulat,
1160 680 1238 722 neve

184 748 254 811 cab
281 747 419 809 hostibus
448 747 638 826 diripiantur,
670 748 849 829 praesertim
872 768 937 810 curn
959 747 1064 809 videat
1085 766 1173 809 omne
1196 748 1238 808 ad

213 852 249 897 sc
280 833 393 897 bellum
426 833 615 896 translatum.
665 832 801 904 Quorum
833 834 884 896 ille
917 834 1055 914 precibus
1080 841 1237 914 permotus

214 929 319 983 castra
340 939 377 981 ex
398 919 584 1000 Biturigibus
607 928 710 983 movet
730 920 888 982 Arvernos
910 939 1027 982 versus.

184 1004 203 1057 9
279 1005 327 1069 At
354 1006 469 1067 Caesar
490 1006 614 1069 biduum
640 1007 672 1069 iu
699 1006 747 1069 his
773 1007 847 1068 locis
870 1017 1020 1081 moratus,
1055 1006 1135 1086 quod
1161 1006 1238 1066 hacc

214 1094 253 1155 de
279 1092 523 1174 Vercingetorige
550 1113 608 1154 usu
629 1102 757 1155 ventura
780 1093 918 1174 opinione
939 1101 1148 1173 praeceperat,
1183 1110 1238 1170 per

172 1197 201 1236 ro
216 1198 338 1241 causam
361 1179 562 1259 supplementi
585 1179 794 1260 equitatusque
817 1179 941 1260 cogendi
963 1180 1001 1240 ab
1024 1177 1156 1240 exercitu
1170 1177 1236 1240 dis·

216 1265 310 1339 cedit,
332 1266 458 1326 Brutum
482 1265 700 1328 adolescentem
722 1267 769 1327 his
792 1266 884 1347 copiis
899 1265 1051 1346 praeficit3
1073 1265 1153 1326 huuc
1167 1282 1235 1326 mo-

214 1360 282 1425 uet,
317 1360 351 1413 ut
381 1352 414 1412 in
442 1371 551 1414 ornnes
579 1361 681 1432 partes
704 1352 819 1433 equites
842 1371 932 1432 quam
953 1350 1101 1413 latissime
1122 1369 1236 1431 parva

216 1447 337 1519 gentur:
362 1439 501 1500 daturum
525 1458 559 1500 se
581 1457 717 1518 operam,
746 1458 784 1499 ue
806 1438 923 1519 longius
945 1437 1105 1508 triduoab
1128 1434 1236 1498 castris

215 1524 307 1586 absit
361 1525 419 1585 His
452 1525 624 1587 constitutis
662 1526 752 1586 rebus
790 1525 853 1587 suis
885 1523 1112 1603 inopinantibus
1146 1541 1237 1604 quam

172 1630 200 1668 15
215 1611 356 1672 maximis
378 1618 481 1690 potest
501 1609 658 1674 itineribus
680 1611 833 1673 Viennam
854 1611 1001 1691 pervenit.
1038 1610 1085 1672 Ibi
1108 1617 1236 1671 nanctus

215 1705 366 1759 recentem
399 1697 581 1777 equitatum,
616 1717 702 1779 quem
729 1697 833 1760 multis
862 1706 934 1759 aute
957 1696 1062 1759 diebus
1086 1715 1121 1758 eo
1144 1715 1236 1776 prae·

215 1782 354 1856 miserat,
389 1802 486 1863 neque
513 1784 620 1846 diurno
648 1803 744 1864 neque
770 1793 914 1846 nocturno
936 1783 1043 1845 itinere
1063 1782 1236 1845 intermisso

214 1870 364 1950 perfines
386 1869 562 1932 Aeduorum
583 1871 615 1932 iu
636 1871 788 1951 Lingones
811 1870 981 1947 contendit,
1014 1869 1067 1932 ubi
1089 1870 1166 1931 duae
1187 1867 1236 1930 le-

216 1955 319 2036 giones
352 1955 542 2031 hiemabant,
576 1965 625 2028 nt,
660 1957 686 2018 si
713 1957 786 2036 quid
813 1956 904 2018 etiarn
933 1958 970 2019 de
997 1976 1054 2018 sua
1075 1956 1174 2018 salute
1196 1955 1237 2017 ab

171 2062 201 2100 ae
215 2040 331 2104 Aeduis
358 2041 485 2103 iniretur
512 2042 642 2118 consilii,
672 2043 821 2104 celeritate
842 2052 1055 2123 praecurreret
1099 2042 1237 2103 Eccum

214 2128 419 2209 pervenisset,
441 2130 481 2191 ad
503 2128 634 2208 reliquas
657 2128 790 2210 legiones
812 2129 906 2190 mittit
926 2129 1069 2210 priusque
1084 2147 1189 2191 omnes
1203 2127 1237 2189 iu

214 2233 308 2275 unum
331 2215 428 2275 locum
450 2215 543 2294 cogit,
571 2234 661 2295 quam
684 2217 721 2276 de
744 2215 807 2276 eius
830 2217 962 2277 adventu
983 2215 1132 2277 Arvernis
1155 2233 1237 2275 nuu-

215 2299 286 2361 tiari
307 2309 421 2379 posset.
466 2301 534 2362 Hac
554 2320 587 2362 re
609 2301 728 2381 cognita
748 2301 979 2383 Vercingetorix
1000 2320 1102 2364 mrsus
1124 2300 1157 2362 in
1178 2299 1236 2362 Bi-

215 2385 328 2466 turiges
361 2386 523 2448 exercitum
557 2387 674 2450 reducit
700 2395 791 2468 atque
816 2388 886 2450 inde
908 2391 1059 2468 profectus
1082 2385 1236 2468 Gorgobi-

171 2494 200 2532 ns
215 2492 303 2544 nam,
326 2472 470 2533 Boiorum
493 2473 650 2552 oppidum,
674 2494 747 2555 quos
769 2474 811 2536 ibi
833 2475 989 2537 Helvetico
1010 2473 1123 2555 proelio
1138 2473 1237 2535 victos

215 2558 331 2621 Caesar
353 2558 561 2620 conlocauerat
582 2559 757 2642 Aeduisque
778 2561 974 2634 attribuerat,
998 2579 1172 2642 oppugnare
1186 2558 1237 2622 in·

216 2645 322 2707 stituit.

174 2733 207 2783 10
280 2731 424 2811 Magnam
456 2731 532 2793 haec
558 2751 607 2793 res
635 2731 759 2795 Caesari
786 2733 994 2795 difficultatem
1017 2732 1056 2793 ad
1079 2730 1237 2793 consilium

216 2817 393 2896 capiendum
417 2819 586 2880 adferebat:
611 2819 637 2879 si
659 2819 803 2899 reliquam
826 2828 943 2899 partem
963 2817 1073 2879 hiemis
1095 2836 1155 2879 uuo
1170 2816 1236 2879 loco

171 2914 202 2953 ³0
215 2903 350 2984 legiones
378 2904 561 2980 contineret,
589 2924 627 2965 ue
650 2905 854 2985 stipendiariis
876 2904 1052 2968 Aeduorum
1079 2922 1237 2985 expugua-

216 2989 256 3051 tis
289 2998 397 3051 cuncta
430 2990 533 3053 Gallia
566 2991 721 3066 deficeret,
756 2993 834 3072 quod
867 2991 981 3053 nullum
1014 2989 1118 3054 amicis
1145 2989 1178 3051 iu
1199 3008 1235 3052 eo

215 3076 400 3156 praesidium
423 3077 576 3138 videretur
597 3077 730 3156 positum
752 3097 834 3152 esse3
857 3077 884 3139 si
905 3077 1054 3141 maturius
1077 3096 1115 3138 ex
1128 3075 1235 3138 hiber·

214 3163 263 3225 uis
297 3164 451 3234 educeret,
485 3183 523 3224 ue
551 3164 591 3224 ab
613 3183 645 3224 re
667 3165 864 3227 frumentaria
885 3164 968 3226 duris
990 3162 1235 3225 subvectionibus

216 3249 376 3311 laboraret.
420 3249 585 3311 Praestare
607 3249 706 3311 visum
729 3261 899 3313 esttamen
922 3269 1023 3312 omnes
1040 3248 1234 3312 difficultates

171 3357 200 3396 eu
214 3335 346 3416 perpeti,
381 3355 471 3416 quam
499 3344 586 3397 tanta
612 3337 792 3399 contumelia
813 3344 937 3417 accepta
958 3336 1091 3399 omnium
1113 3354 1235 3398 sucrum

215 3423 390 3484 voluntates
424 3422 565 3484 alienare.
609 3422 716 3502 Itaque
743 3424 918 3485 cohortatus
944 3422 1071 3486 Aeduos
1099 3423 1136 3484 de
1159 3440 1235 3501 sup-

215 3509 363 3587 portando
391 3519 560 3570 commeatu
581 3509 750 3588 praemittit
771 3510 811 3572 ad
832 3509 939 3582 Boios,
968 3509 1077 3590 quide
1099 3528 1154 3571 suo
1177 3508 1234 3569 ad-

215 3602 309 3654 ventu
332 3595 460 3656 doceant
480 3595 713 3675 hortenturque,
735 3603 770 3659 ut
790 3596 822 3657 in
836 3597 896 3658 fide
911 3605 1054 3659 maneant
1070 3603 1160 3677 atque
1174 3596 1234 3657 ho-

216 3679 305 3740 stium
338 3681 482 3760 impetum
511 3700 618 3762 magno
647 3680 747 3744 animo
770 3683 949 3746 sustineant.
997 3683 1125 3745 Duabus
1147 3683 1234 3764 Agc-

169 3792 202 3830 re
217 3764 296 3826 diuci
329 3766 491 3847 legionibus
525 3777 616 3847 atque
648 3767 871 3848 impedimentis
898 3770 991 3834 totius
1013 3769 1162 3834 exercitus
1184 3787 1235 3831 re-

216 3849 293 3912 lictis
316 3852 354 3913 ad
375 3853 467 3915 Boius
488 3852 698 3934 proficiscitur.
