2616 4492
411 278 482 325 orn.
497 279 559 326 vu.
583 279 660 326 cnr.
675 263 769 336 3-8.
1043 266 1101 328 lll

84 417 257 496 ditatusque
281 416 415 478 subsidio
437 418 622 500 Biturigibus
645 419 776 479 mittunt.
822 415 883 486 Qui
903 437 969 479 cum
992 420 1030 480 ad
1045 420 1104 482 llu-

85 522 154 564 men
181 502 314 583 Ligerim
342 503 513 579 venissent,
547 505 625 585 quod
652 505 801 583 Bituriges
825 505 863 564 ab
878 503 1003 566 ‘Aeduis
1025 507 1105 568 divi-

85 589 144 663 dit,
179 609 290 668 paucos
325 589 387 650 dies
421 590 463 651 ibi
496 592 604 653 morati
632 610 727 671 neque
754 591 865 651 flumen
887 592 1016 653 transire
1039 593 1105 655 ausi

85 677 205 736 domum
235 684 427 737 revertuntur
449 677 614 757 legatisque
638 677 750 738 nostris
773 677 965 751 renuntiant,
995 697 1027 738 se
1049 678 1105 740 Bi-

83 762 216 842 turigum
252 762 409 841 perfidiam
442 765 554 824 veritos
588 764 750 824 revertisse
784 764 891 843 quibus
925 764 956 824 id
989 765 1133 827 consiliis

83 848 178 909 fuisse
202 848 412 928 cognoverint,
435 857 483 924 ut,
504 850 534 911 si
548 851 658 911 flumen
674 849 870 922 transissent,
894 870 955 910 una
970 859 1106 930 exparte

83 934 158 1013 ipsi,
182 934 280 995 altera
301 933 433 994 Arverni
456 955 488 996 sc
511 936 773 998 circumsisterent.
807 937 843 997 Id
858 956 933 997 eane
948 938 984 997 de
1001 956 1104 1014 causa,

82 1039 174 1100 quam
203 1019 310 1099 legatis
337 1022 585 1099 pronuntiarunt,
615 1043 654 1083 au
674 1023 801 1102 perfidia
822 1023 943 1084 adducti
964 1023 1105 1098 fecerint,

84 1107 165 1186 quod
187 1106 262 1168 nihil
283 1107 371 1168 nobis
394 1117 528 1183 constat,
552 1128 612 1170 non
634 1109 755 1170 videtur
776 1129 830 1188 pro
853 1120 935 1170 certo
958 1129 1024 1170 esse
1047 1130 1105 1190 po-

84 1194 225 1253 nendum.
269 1193 420 1274 Bituriges
449 1213 550 1256 eorum
579 1197 712 1258 discessu
740 1195 844 1256 statim
866 1215 932 1257 cum
954 1195 1105 1259 Arvernis
1120 1219 1150 1257 ro

83 1278 268 1357 iunguntur.'
659 1289 663 1297 '
740 1313 742 1318 ·

149 1365 206 1426 His
235 1366 325 1426 rebus
347 1366 378 1427 in
400 1367 521 1429 Italiam
545 1365 658 1426 Caesar
679 1365 843 1439 nuntiatis,
878 1386 944 1428 cum
971 1369 1033 1429 iam
1055 1370 1134 1432 ille6

83 1451 217 1512 urbanas
240 1471 288 1513 res
311 1451 422 1514 virtute
446 1454 500 1514 Cn.
522 1452 658 1530 Pompeii
685 1452 915 1514 commodiorem
937 1453 967 1514 in
991 1463 1106 1526 statum

83 1538 258 1617 pervenisse
279 1538 480 1619 intellegeret,
503 1540 535 1601 in
558 1539 777 1617 transalpinam
800 1537 933 1600 Galliam
955 1542 1105 1619 profectus

84 1632 140 1685 est.
184 1623 231 1683 Bo
265 1643 332 1684 curu
365 1627 514 1700 venisset,
547 1619 661 1703 magna
691 1623 865 1685 difficultate
897 1627 1105 1704 adficiebatur,
1121 1648 1149 1687 rs

84 1729 146 1790 qua
172 1709 290 1770 ratione
318 1711 357 1770 ad
386 1711 549 1772 exercitum
571 1711 727 1789 pervenire
749 1721 862 1788 posset.
906 1712 987 1772 Nam
1010 1713 1037 1773 si
1058 1714 1105 1775 le-

83 1796 189 1876 giones
221 1795 253 1855 in
285 1797 471 1874 provinciam
506 1804 686 1868 arcesseret,
722 1815 755 1856 se
783 1797 909 1858 absente
942 1798 973 1858 iu
1000 1799 1106 1861 itinere

83 1881 199 1962 proelio
223 1881 416 1943 dimicaturas
439 1883 649 1963 intellegebat;
673 1881 700 1942 si
718 1882 784 1960 ipse
799 1885 838 1943 ad
854 1884 1017 1945 exercitum
1033 1905 1106 1947 con·

84 1969 237 2041 tenderet,
266 1968 363 2029 neiis
386 1969 505 2048 quidem
529 1989 563 2030 eo
586 1977 720 2047 tempore
749 1968 798 2048 qui
821 1969 913 2048 quieti
934 1971 1108 2034 viderentur

84 2073 172 2114 snam
195 2054 323 2114 salutem
346 2063 426 2116 recte
449 2055 595 2117 committi
616 2054 762 2116 videbat·
941 2067 944 2075 ’
1016 2080 1020 2087 ·
1119 2079 1150 2118 oo

149 2139 273 2201 Interim
306 2140 465 2202 Lucterius
499 2141 654 2204 Cadurcus
686 2141 719 2201 in
746 2140 882 2203 Rutenos
906 2142 1016 2203 missus
1039 2143 1136 2207 eam7

84 2226 239 2288 civitatem
272 2225 420 2289 Arvernis
454 2228 601 2290 conciliat.
645 2227 830 2306 Progressus
863 2228 893 2288 in
921 2228 1105 2310 Nitiobriges

85 2323 115 2373 et
149 2312 284 2374 Gabalos
312 2315 351 2374 ab
379 2315 513 2395 utrisque
542 2314 662 2376 obsides
686 2313 846 2393 accipitet
868 2325 1107 2394 magnacoacta

84 2418 176 2460 manu
201 2398 233 2460 in
260 2399 443 2478 provinciam
470 2401 645 2463 Narbonem
666 2420 774 2462 versus
798 2401 985 2480 eruptionem
1007 2404 1107 2480 lacere

84 2485 246 2546 contendit.
292 2483 361 2554 Qua
382 2507 414 2547 re
431 2488 568 2549 nuntiata
585 2488 699 2549 Caesar
715 2487 852 2548 omnibus
868 2488 1000 2549 consiliis
1015 2499 1105 2551 ante·
1120 2510 1149 2548 no

84 2573 261 2632 vertendum
284 2573 485 2648 existimavit,
515 2584 548 2636 nt
569 2575 743 2635 Narbonem
765 2573 1013 2652 proficisceretur.
1058 2575 1105 2637 Ec

84 2677 152 2717 cum
185 2657 335 2732 venisset,
370 2659 510 2720 timentes
539 2662 709 2733 confirmat,
743 2660 896 2738 praesidia
923 2660 954 2721 in
976 2660 1106 2722 Rutenis

83 2743 332 2821 provincialibus,
360 2744 466 2805 Volcis
488 2744 688 2819 Arecomicis,
713 2745 909 2808 Tolosatibus
937 2747 1106 2828 circumque

84 2828 276 2900 Narbonem,
307 2847 385 2907 quae
407 2830 472 2891 loco
494 2831 633 2894 hostibus
657 2842 744 2893 erant
765 2833 909 2906 finitima,
934 2835 1105 2907 constituit3

85 2921 202 2991 partem
225 2912 377 2991 copiarum
400 2934 438 2975 ex
459 2917 613 2995 provincia
635 2918 950 2997 supplementumque,
975 2921 1054 2999 quod
1070 2938 1107 2981 cx
1120 2941 1149 2979 so

85 2997 178 3059 Italia
201 2999 384 3073 adduxerat,
413 3000 444 3060 in
466 3000 606 3076 Helvios,
619 3003 682 3082 qui
704 3005 779 3064 fines
802 3003 1009 3065 Arvernorum
1032 3024 1106 3066 con-

84 3085 221 3166 tingunt,
246 3085 404 3146 convenire
425 3085 538 3149 iubet..

149 3172 206 3233 His
239 3171 329 3232 rebus
363 3173 545 3251 comparatis
573 3188 711 3251 represso
743 3173 804 3233 iam
832 3174 974 3236 Lucterio
1002 3183 1032 3234 et
1053 3179 1139 3236 re·8

85 3265 183 3330 moto,
217 3258 298 3338 quod
325 3256 440 3319 intrare
466 3259 547 3320 intra
569 3257 721 3339 praesidia
742 3259 938 3338 periculosum
961 3261 1105 3339 putabat,

84 3345 117 3407 in
144 3340 271 3406 Helvios
293 3344 499 3424 proficiscitur.
543 3345 613 3406 Etsi
636 3344 793 3418 Cevenna,
818 3345 867 3424 qui
889 3344 1044 3406 Arvernos
1067 3347 1105 3409 ab
1119 3370 1148 3409 as

84 3430 204 3493 Helviis
237 3430 392 3504 discludit,
421 3431 580 3493 durissimo
609 3439 744 3510 tempore
772 3430 844 3491 aunl
867 3430 1015 3492 altissima
1036 3430 1106 3495 nive

84 3517 143 3578 iter
169 3516 367 3596 impediebat,
396 3526 499 3580 tamen
528 3519 664 3580 discussa
690 3516 759 3578 nive
787 3536 841 3577 sex
861 3516 893 3577 in
916 3517 1107 3581 altitudinem

85 3606 194 3682 pedum
217 3612 308 3683 atque
329 3605 374 3665 ita
395 3604 453 3665 viis
475 3604 635 3685 patefactis
658 3622 774 3665 summo
798 3603 926 3663 militum
942 3604 1051 3665 sudore
1066 3605 1107 3666 nd

85 3689 161 3750 fines
184 3690 392 3752 Arvernorum
414 3684 562 3771 pervenit.
608 3688 725 3759 Quibus
749 3689 901 3769 oppressis
916 3689 1105 3768 inopinanti-

86 3775 159 3848 bus,
183 3778 263 3856 quod
285 3797 318 3838 se
341 3777 484 3838 Cevenna
505 3786 540 3838 ut
561 3797 646 3838 muro
669 3776 801 3837 munitos
818 3775 1048 3849 existimabant,
1070 3796 1107 3839 ac
1120 3802 1149 3840 so

86 3879 124 3920 ne
146 3861 291 3942 singulari
313 3863 431 3943 quidem
454 3883 595 3943 umquam
617 3862 732 3933 homini
754 3882 789 3923 eo
811 3871 945 3941 tempore
967 3864 1039 3924 anui
1054 3883 1106 3926 se-

87 3945 178 4008 mitae
210 3957 387 4027 patuerant,
423 3950 572 4029 equitibus
603 3949 749 4030 imperat,
783 3957 818 4010 ut
845 3967 936 4029 quam
957 3948 1106 4012 latissime
