2616 4492
279 788 504 863 PRAEVIA
536 786 740 861 NOTITIA
772 789 1013 864 CODICUM.

134 981 262 1076 Bellum
284 1018 419 1074 Gallicum
442 1018 635 1073 continentimn
656 1020 710 1072 duo
730 1032 833 1091 genera
853 1017 975 1072 codicum
989 1024 1066 1091 sunt,
1088 1035 1160 1088 quae

134 1107 245 1174 quidem
274 1125 309 1161 ex
338 1108 433 1161 eodem
460 1107 570 1160 fonte
560 1124 617 1178 pam
645 1124 699 1179 npn
722 1106 846 1159 omnibus
867 1105 992 1176 partibus
1015 1105 1158 1175 purissimo

133 1195 286 1256 fluxerunt,
309 1200 400 1247 tamen
423 1193 462 1248 ita
484 1200 516 1247 ut
537 1194 655 1247 alterum
677 1194 712 1247 ab
736 1193 862 1266 exemplo
885 1192 963 1247 saus
970 1184 1095 1264 integro
1118 1194 1158 1246 al·

133 1285 224 1334 terum
252 1282 288 1334 ab
317 1281 481 1350 interpolato
485 1253 691 1350 proiectum
688 1280 730 1335 sit.
774 1282 925 1350 Utrumque
954 1281 1031 1332 duos
1052 1280 1158 1333 ordines

134 1368 328 1437 complectitur.
374 1370 447 1432 Quas
470 1369 505 1420 ad
528 1369 627 1422 classes
650 1367 706 1421 sive
727 1367 845 1421 familias
868 1366 990 1420 codicum
1012 1367 1093 1420 tertia
1115 1384 1158 1419 ac-

135 1455 208 1507 cedit
231 1472 336 1517 eorum,
365 1453 411 1524 qui
433 1452 555 1509 eiusdem
582 1471 614 1508 ac
635 1455 847 1525 praestantiores
871 1453 980 1526 originis
1003 1458 1081 1516 sunt,
1110 1455 1158 1506 sed

136 1547 259 1610 tempore
279 1542 443 1611 procedente
470 1540 543 1609 (nam
566 1542 657 1595 nullus
681 1559 774 1594 eorum
796 1546 924 1611 qnantum
945 1540 1078 1594 decimum
1101 1558 1159 1594 sae·

135 1630 227 1681 culum
249 1626 372 1697 superat)
399 1627 491 1681 multis
519 1628 547 1681 in
569 1630 651 1682 rebus
674 1628 824 1697 depravati.
867 1627 960 1682 Nihilo
982 1627 1070 1681 minus
1092 1627 1159 1681 utri-

135 1732 189 1783 que
210 1714 330 1768 familiae
352 1713 532 1783 interpolatae
554 1703 605 1768 sua
627 1721 668 1768 est
689 1715 873 1785 praestantia,
895 1720 1012 1784 utraque
1027 1732 1075 1768 suo
1091 1720 1179 1783 tem-d
1207 1744 1211 1751 ·

133 1817 201 1870 pore
229 1801 256 1854 in
286 1799 450 1854 editionibus
477 1800 661 1871 principatum
688 1801 779 1855 tenuit
805 1819 838 1855 ac
860 1802 964 1855 bellum
993 1819 1100 1871 quoqne
1122 1801 1158 1854 ci·

134 1888 204 1952 vilo,
239 1905 291 1958 quo
320 1887 451 1942 destituta
480 1893 521 1941 est
548 1888 637 1958 prima
665 1888 772 1951 classis,
801 1888 926 1943 servavit.
982 1888 1158 1960 Singulorum

133 1975 261 2028 classium
283 1974 400 2045 optimos
424 1980 452 2028 et
473 1975 673 2045 antiquissimos
696 1974 801 2029 codices
823 1975 882 2047 ipse
904 1975 1020 2037 contuli,
1043 1974 1071 2028 in
1091 1993 1157 2028 non-

133 2063 217 2116 nullis
251 2063 368 2116 aliorum
401 2079 485 2133 opera
507 2062 632 2127 adiutus,
665 2063 774 2117 tertiam
796 2079 861 2117 vero
875 2062 1014 2118 'familiam
1035 2063 1080 2116 hic
1100 2062 1157 2116 illic

132 2155 241 2204 tantum
262 2148 376 2220 inspexi.

492 2261 629 2313 PRIMAE
655 2260 796 2314 cbnssls

197 2355 308 2410 Peioris
330 2357 437 2411 ordinis
459 2357 563 2410 codices
585 2360 650 2409 sunt

177 2442 390 2507 Parisinus,
413 2444 460 2513 qui
483 2443 586 2498 decimo
607 2443 716 2498 saeculo
743 2448 793 2498 aut
819 2443 934 2497 fortasse
955 2459 1026 2496 nono
1042 2448 1161 2499 exeunte

133 2548 152 2584 a
179 2536 308 2599 quattuor
342 2530 460 2584 librariis
489 2535 618 2586 exaratus
641 2548 700 2584 esse
727 2531 849 2592 ridetur,
884 2547 964 2600 quem
996 2530 1157 2607 Nipperdey

131 2617 285 2672 Parisinum
305 2617 423 2686 primum
445 2619 624 2690 cognominat.
656 2618 708 2674 Est
729 2618 757 2671 in
779 2617 946 2671 bibliotheca
966 2634 1095 2673 caesarea
1114 2637 1157 2673 n:o

136 2702 234 2766 5763,
269 2702 322 2756 fuit
354 2704 419 2757 olim
452 2704 606 2759 monasterii
633 2705 659 2759 S.
688 2704 829 2760 Benedicti
861 2704 1039 2758 Floriacensis
1073 2705 1157 2775 (quod

132 2794 192 2843 erat
219 2792 255 2843 ad
276 2788 416 2861 Ligerim).
465 2791 579 2845 Amissis
601 2809 651 2844 sex
671 2791 743 2845 foliis
765 2792 819 2844 hae
840 2796 934 2861 partes
957 2791 1067 2844 desunt:
1091 2792 1119 2855 4,
1138 2792 1155 2844 2

133 2879 244 2930 locum
269 2908 304 2917 —
331 2881 583 2931 averterentur
601 2878 650 2940 10,
674 2876 700 2932 7.
725 2877 774 2941 84,
791 2876 830 2932 37
855 2877 1155 2932 illum-Gallus

134 2962 250 3026 86,15.
273 2961 323 3026 95,
346 2960 384 3016 27
408 2962 611 3017 institutum
636 2997 671 3007 -
697 2963 915 3033 iudiciisque
937 2962 987 3026 97,
1006 2962 1031 3018 7.
1075 2965 1157 3020 Aliae

132 3054 248 3106 lacunae
269 3049 297 3103 in
320 3049 464 3104 collatione
485 3049 652 3114 indicantur,
674 3068 790 3121 quarum
811 3050 976 3121 praecipuae
998 3057 1061 3104 sunt
1086 3050 1156 3115 118,

135 3138 273 3200 16-19;
299 3136 369 3201 152,
392 3136 531 3198 24-373
557 3137 627 3201 168,
644 3136 778 3193 21-38.

198 3225 390 3288 Romanus,
424 3223 471 3294 qui
502 3225 607 3278 Romae
636 3231 679 3279 est
705 3225 732 3279 in
760 3225 926 3280 bibliotheca
952 3223 1087 3279 Vaticana
1114 3241 1157 3279 uzo

134 3313 225 3368 3864.
275 3311 393 3366 Videtur
419 3311 442 3365 is
469 3313 555 3366 codex
584 3311 685 3366 decimo
714 3317 764 3366 aut
790 3311 901 3366 ineunte
927 3310 1068 3365 undecimo
1096 3328 1155 3365 sae·
1223 3310 1242 3351 ³¹

133 3401 194 3455 culo
223 3403 352 3454 exaratus
380 3416 446 3454 esse.
500 3400 613 3455 Praeter
635 3401 747 3454 lacunas
769 3415 852 3472 pagg.
878 3397 953 3462 118,
979 3397 1054 3461 152,
1080 3397 1155 3462 168,

132 3505 203 3559 quae
224 3487 288 3542 huic
310 3503 464 3541 communes
486 3491 564 3551 sunt,
585 3504 675 3559 pauca
695 3487 780 3541 verba
802 3485 900 3541 omissa
921 3490 992 3540 sunt

218 3592 382 3646 Posterioria
403 3592 511 3646 ordinis
531 3596 597 3647 sunt

175 3678 520 3740 Amstclodcmenaia‚
543 3678 590 3748 qui
610 3678 815 3752 Bongarsianus
837 3678 940 3748 primus
962 3678 1097 3748 appellari
1112 3697 1153 3733 sc·

132 3767 185 3828 let,
213 3765 240 3818 in
262 3764 427 3819 bibliotheca
447 3764 560 3835 publica
581 3766 655 3820 urbis
677 3765 874 3821 Amstelodarni
901 3769 1031 3818 servatur.
1075 3767 1154 3821 Eius·

131 3854 193 3907 dem
214 3853 297 3921 plane
318 3869 351 3906 ac
371 3851 511 3907 Parisinus
533 3853 632 3908 aetatis
654 3859 709 3918 est,
732 3871 767 3907 ex
789 3851 865 3906 euius
887 3850 1005 3906 librariis
1027 3842 1153 3909 nnumin
