2616 4492
495 233 543 282 nn
566 231 816 284 omamomnns.
1124 223 1163 285 13

140 380 212 434 sunt
244 371 295 452 (ut
317 370 369 447 99,
396 370 434 435 16
463 381 553 454 atque
583 375 675 437 etiam
704 377 734 438 in
757 375 902 438 tredecim
930 375 993 438 iilis
1022 376 1162 438 versibus

141 459 213 532 152,
249 460 290 520 24
325 478 389 539 sqq.
423 462 538 523 iactum
572 482 651 524 esse·
671 461 849 545 statuimus)
885 471 938 524 aut
970 464 1001 523 in
1031 465 1163 526 secunda

138 546 240 607 classe
263 546 365 626 aliquo
389 548 476 608 modo
500 549 668 610 immutata.
715 550 885 629 Utcumque
908 550 975 623 erit,
1000 548 1057 610 hac
1080 559 1162 613 certe

137 633 168 694 in
194 651 226 693 re
249 634 381 694 secunda
404 634 513 695 classis
536 636 651 714 primae
675 636 839 697 antecellit.

202 717 293 790 Quod
322 739 388 781 cum
419 721 464 782 ita
486 722 537 794 sit,
563 721 729 802 quaeritur,
753 742 823 783 num
847 721 910 782 alia
932 740 1059 803 quoque,
1084 740 1161 801 quae

137 807 289 869 secundae
321 807 431 869 classis
464 809 589 888 propria
622 817 707 882 sunt,
746 809 851 870 eodem
887 807 951 868 iure
985 809 1161 887 probentur.

137 892 210 965 Qua
232 894 269 955 de
297 912 328 954 re
357 895 402 955 ita
433 912 552 969 censeo,
581 915 641 956 non
664 905 744 958 recte
768 895 804 956 de
828 894 954 974 singolis
978 896 1026 975 agi
1050 895 1109 957 nisi
1134 896 1161 958 si

139 981 243 1042 omnis
265 980 354 1042 simul
376 981 487 1043 tuerint
510 984 685 1045 examinata
708 1003 744 1044 ac
771 989 839 1044 tota
866 981 947 1043 iilius
971 981 1080 1043 classis
1107 1001 1161 1044 co-

136 1067 222 1147 gnita
240 1067 366 1129 indoles.
410 1067 460 1129 Ac
473 1069 603 1148 primum
618 1069 748 1149 quidem,
774 1075 807 1131 ut
827 1071 857 1131 in
874 1069 944 1129 aliis
960 1068 1066 1142 rebus,
1090 1069 1158 1149 qui-

136 1154 196 1216 bus
213 1154 289 1215 haec
308 1153 417 1215 classis
434 1155 536 1216 differt
556 1156 594 1217 ab
611 1157 725 1228 altera,
750 1157 846 1218 mults
861 1165 966 1234 aperte
982 1155 1064 1217 falsa
1078 1164 1158 1232 sunt,

136 1240 183 1303 sio
207 1241 398 1302 accessiones
421 1242 590 1321 complures
613 1243 793 1316 invenimus,
825 1262 901 1322 quas
925 1242 1015 1303 valde
1042 1242 1159 1304 alienas

136 1347 175 1389 ao
203 1347 365 1408 perversas
393 1347 460 1388 esse
489 1347 575 1390 nemo
604 1349 663 1391 non
686 1330 779 1393 videt.
826 1329 919 1391 Cuius
943 1330 1061 1410 generis
1082 1329 1159 1392 haec

136 1423 224 1476 sunt:
259 1414 311 1487 27,
334 1413 376 1476 29
406 1414 449 1476 ad
474 1434 525 1477 eos
553 1416 781 1479 duodecimo
808 1416 870 1478 die
892 1415 1157 1496 proficisceretur,

137 1501 189 1574 31,
216 1501 252 1562 ll
285 1500 361 1563 haee
389 1521 508 1583 quoqne
534 1503 620 1565 ratio
719 1503 803 1582 qnod
832 1502 1038 1564 Divitiacum
1067 1522 1157 1583 qao-

135 1606 221 1669 000,
244 1588 296 1661 35,
313 1588 334 1650 4
349 1608 416 1650 000
437 1589 546 1650 minas
562 1588 720 1652 commode
742 1590 807 1671 ipsi
827 1588 890 1650 sibi
912 1589 1039 1670 scapis
1055 1609 1156 1668 prae-

136 1675 286 1750 scribere,
310 1674 362 1749 45,
379 1673 420 1736 36
442 1675 597 1738 eiusmodi
620 1695 806 1758 conpressos
828 1682 926 1738 esset
947 1681 1026 1747 erat,
1049 1681 1106 1737 nt.
1125 1722 1155 1737 ..

131 1759 233 1844 00100
255 1782 417 1824 remoram
439 1760 683 1825 incitatione
701 1769 891 1844 praestaret,
916 1759 1025 1836 68,10
1048 1761 1084 1822 in
1109 1763 1157 1844 ο]-

126 1849 206 1931 ficio
228 1849 363 1930 fntrsros
397 1848 614 1930 confirmat
645 1868 742 1930 neque
762 1895 769 1910 .
786 1895 817 1910 ..
840 1849 1013 1930 defecturos
1041 1850 1157 1929 condr-

135 1935 244 2010 rnaoit,
275 1933 326 2010 79,
351 1936 391 1996 22
413 1936 529 1998 mortis
550 1935 592 1998 in
612 1933 756 2017 periculo
779 1941 911 2010 terrear,
934 1934 987 2010 82,
1014 1935 1052 1996 15
1075 1934 1162 1998 atati

135 2041 200 2085 ease
230 2022 349 2105 nepotii
380 2022 483 2085 sabito
518 2041 704 2105 oppressam
743 2021 895 2103 lapioncrn
923 2069 930 2083 .
954 2069 961 2084 .
986 2068 992 2084 .
1021 2022 1157 2102 interfici

135 2128 262 2190 00000,
291 2108 343 2183 98,
367 2110 409 2169 32
430 2115 472 2170 nt
492 2109 559 2183 dies
580 2107 705 2171 natales
727 2118 799 2182 cet,
831 2108 902 2181 106,
927 2110 963 2170 31
990 2106 1158 2188 Relinquit

135 2197 267 2258 animas
296 2194 442 2258 Sestium
468 2196 619 2277 procidus
647 2196 782 2278 acceptis
809 2194 992 2258 vulneribus
1019 2195 1157 2276 defici·

135 2300 216 2358 ens,
242 2283 314 2357 127,
338 2283 379 2343 30
401 2302 458 2344 nec
480 2283 546 2344 iam
568 2280 664 2346 aliter
683 2283 802 2344 sentire
821 2329 827 2344 .
846 2329 877 2344 ..
900 2303 978 2345 non
1000 2281 1156 2344 dabita-

134 2370 172 2432 ri
193 2370 271 2451 0000
294 2377 368 2442 cst,
394 2369 465 2443 145,
483 2369 524 2431 28
539 2361 608 2432 ioca
629 2376 807 2454 praerapto
828 2377 941 2450 atque
963 2389 1002 2432 erc
1023 2389 1158 2432 ascensa

134 2461 296 2538 temptant,
328 2457 399 2531 152,
423 2456 465 2518 37
487 2454 631 2520 elicerent
651 2465 779 2520 nostros
801 2457 996 2530 insidiae,
1022 2456 1093 2529 160,
1114 2455 1156 2519 28

134 2551 248 2607 anctor
280 2564 436 2607 neaeram
469 2551 570 2606 esset
601 2541 810 2607 consiliorum
838 2590 845 2604 .
869 2590 907 2605 ..
936 2542 1156 2606 anctoritatem

133 2629 270 2706 haberet,
296 2630 367 2704 162,
385 2629 426 2692 26
448 2650 584 2714 qnorum
606 2629 778 2694 consilio
801 2631 837 2691 in
860 2630 992 2693 ciuitate.
1036 2629 1155 2692 Deinde

133 2717 271 2791 lacunas,
295 2718 322 2779 si
344 2718 443 2779 minus
466 2737 504 2779 ex
526 2736 558 2777 re
581 2724 612 2777 et
632 2718 775 2790 veritate,
800 2725 938 2778 attamen
960 2726 996 2778 ut
1016 2717 1155 2796 000100-

132 2805 206 2878 tuit,
238 2805 378 2885 expletas
407 2804 559 2866 videmus:
592 2802 645 2876 61,
669 2803 710 2864 38
735 2823 929 2884 propressns
958 2809 1094 2884 aperto
1117 2823 1156 2864 ac

127 2889 231 2974 plano
266 2890 372 2954 littore
403 2910 498 2953 nasce
531 2890 725 2964 constituas
749 2889 820 2963 114,
843 2891 885 2950 42
910 2909 975 2969 sqq.
1006 2888 1064 2951 lucc
1092 2889 1153 2951 sibi

132 2976 243 3041 solatii
263 2979 493 3062 proponebant,
516 2976 616 3058 qnod
636 2995 674 3038 00
694 2995 818 3059 prope
839 2973 1006 3056 inplorata
1020 2976 1159 3038 victoria·

132 3062 274 3128 00100ἱίον
295 3065 418 3127 amissa
440 3063 675 3146 reciperaturos
690 3062 892 3146 confidebant.
939 3060 1154 3125 Delibera-

133 3160 198 3215 tnr
220 3151 257 3215 cic
277 3152 419 3215 Avarico
435 3160 492 3213 cet.
536 3151 701 3211 Invenerat
724 3151 903 3212 emendator
924 3149 955 3211 in
978 3148 1057 3210 alins
1080 3168 1152 3210 ver-

132 3238 165 3300 bi
194 3239 293 3300 iocum
323 3239 477 3300 subditum
507 3236 710 3314 conjiciebant.
754 3232 924 3298 Aliavero
946 3235 977 3297 in
1001 3236 1153 3297 mutandis

132 3324 237 3386 verbis
269 3333 390 3388 attexta
419 3333 505 3399 sunt,
536 3331 570 3385 ut
591 3321 643 3395 64,
667 3322 686 3384 9
710 3323 754 3385 cd
781 3342 824 3385 00
852 3342 948 3404 qnae
973 3323 1156 3384 iusserat

133 3408 254 3475 Cacsar
271 3413 466 3495 sarienda
494 3416 714 3484 consererent,
745 3409 816 3482 169,
839 3411 860 3471 4
888 3405 1153 3472 0000000100-

132 3503 196 3562 rats
217 3499 478 3562 0000000νὶ0νοοη
505 3518 543 3560 00
564 3493 742 3579 spoliari
771 3496 893 3558 nemini
915 3496 1045 3558 dnbinm
1066 3502 1151 3558 esset.

132 3587 276 3649 Tnm‘ad
299 3585 466 3646 orationem
491 3584 624 3646 auctoris
648 3584 870 3661 explanandam
893 3591 924 3643 et
944 3581 1032 3661 quasi
1047 3581 1152 3643 ditan-

131 3675 204 3735 dam
226 3672 378 3752 permulta
405 3678 606 3732 accesserunt.
651 3669 833 3731 Nominibus
856 3669 988 3748 propriis
1011 3668 1151 3748 appella-

129 3760 199 3821 tiva
220 3759 363 3838 adposita
386 3767 466 3830 sunt,
499 3756 550 3830 72,
575 3755 615 3818 29
645 3755 806 3818 Hibernia
827 3753 981 3828 insuia,
1013 3754 1084 3829 lll,
1109 3753 1150 3817 35

130 3866 240 3908 mons
263 3844 416 3919 Cevenna,
440 3851 494 3906 aut
515 3844 722 3923 praenomina,
745 3851 780 3904 ut
803 3842 874 3916 125,
890 3843 932 3905 39
953 3839 987 3904 0.
1002 3840 1149 3917 Fadium,

131 3930 205 4008 109,
226 3931 247 3996 5
269 3930 318 4016 (in
332 3931 411 4017 UH)
434 3931 474 3997 P.
498 3927 612 3995 Clodii.
656 3930 812 3994 Interdum
834 3930 904 4012 ipss
925 3929 1052 4014 propris
1073 3928 1149 3993 snb-
