2616 4492
454 308 525 357 nm.
540 310 575 358 v.
598 292 828 358 uarat-ta
1104 291 1149 358 83

132 464 274 508 numerus
293 445 478 522 instituitur3
503 456 601 511 turres
624 450 865 524 contabulantur,
886 447 998 528 pinnae
1018 447 1148 511 loricae·

133 551 190 612 que
213 552 250 594 ex
272 532 404 595 cratibus
426 542 610 597 attexuntur.
653 536 724 616 Ipse
745 536 865 610 Cicero,
888 554 956 596 cum
970 534 1149 599 tenuissima

131 617 305 681 valetudine
338 627 434 694 esset,
468 640 505 682 ne
538 631 717 684 nocturnum
745 621 864 702 quidem
891 621 948 682 sibi
968 628 1086 701 tempus
1107 622 1148 683 ad

132 704 263 784 quietem
291 704 493 785 relinquebat,
527 717 560 768 ut
587 708 666 769 ultro
689 708 816 770 militum
839 726 985 769 concursu
1007 727 1043 768 ac
1064 707 1147 769 voci-

130 791 188 852 bus
212 791 271 852 sibi
292 810 416 870 parcere
437 802 600 873 cogeretur.
1161 811 1177 850 ⁸

197 877 284 938 Tunc
305 878 396 939 duces
419 879 626 960 principesque
648 878 843 952 Nerviorum,
868 877 918 959 qui
937 878 1066 958 aliquem
1081 896 1148 940 ser·
1156 881 1188 931 41

131 962 229 1024 monis
262 962 377 1025 aditum
404 982 585 1046 causamque
613 965 761 1026 amicitiae
789 985 855 1025 cum
883 964 1025 1027 Cicerone
1052 963 1149 1026 habe-

130 1050 222 1123 bant,
244 1049 383 1130 conloqui
404 1069 471 1112 sese
492 1052 570 1113 velle
592 1053 703 1113 dicunt.
740 1052 837 1112 Facta
857 1058 1012 1130 potestate
1033 1051 1147 1125 eadem,

131 1154 208 1214 quae
234 1134 396 1197 Ambiorix
417 1156 484 1199 cnm
507 1137 621 1199 Titurio
645 1145 762 1218 egerat,
790 1144 1037 1198 commemorant:
1071 1135 1148 1198 Om-

131 1239 200 1281 nem
223 1240 290 1283 esse
311 1221 342 1283 in
365 1222 458 1284 armis
478 1222 628 1297 Galliam3
651 1223 818 1285 Germanos
833 1223 974 1286 Rhenum
988 1223 1148 1297 transiss03
1163 1245 1191 1284 ro

131 1306 273 1369 Caesaris
295 1307 536 1389 reliquorumque
558 1311 685 1371 hiberna
706 1309 881 1389 oppugnari.
914 1308 1043 1371 Addunt
1057 1309 1149 1370 etiam

132 1394 170 1456 de
203 1391 310 1455 Sabini
342 1404 450 1456 morte:
484 1395 690 1477 Ambiorigem
717 1404 872 1456 ostentant
898 1395 967 1456 fidei
993 1394 1149 1456 faciundae

132 1497 234 1541 causa.
278 1480 389 1542 Errare
416 1500 468 1542 eos
495 1480 612 1554 dicunt,
647 1482 673 1543 si
702 1480 860 1562 quicquam
887 1482 926 1543 ab
947 1480 986 1543 iis
1006 1479 1150 1561 praesidii

132 1574 271 1645 sperent,
291 1567 345 1647 qui
367 1567 429 1628 suis
452 1568 541 1628 rebus
565 1567 720 1640 diffidant3
742 1586 809 1628 sese
830 1575 932 1629 tamen
953 1567 1011 1628 hoc
1033 1584 1098 1628 esse
1117 1565 1150 1627 in

131 1651 306 1714 Ciceronem
338 1653 540 1733 populumque
572 1654 743 1715 Romanum
776 1653 893 1727 animo,
926 1661 961 1713 ut
991 1651 1066 1713 nihil
1091 1650 1151 1713 nisi
1164 1674 1192 1713 rs

130 1737 259 1798 hiberna
285 1747 425 1799 recusent
452 1747 543 1819 atque
570 1739 649 1801 hanc
669 1740 885 1800 inveterascere
908 1738 1151 1799 consuetudinem

131 1822 244 1884 nolint:
278 1823 367 1885 licere
393 1824 453 1885 illis
481 1824 680 1886 incolumibus
702 1844 757 1904 per
777 1844 811 1885 se
833 1822 871 1886 e'x
891 1824 1025 1885 hibernis
1049 1823 1150 1885 disce-

133 1910 205 1970 dere
233 1917 282 1981 et,
311 1928 512 1990 quascumque
538 1911 570 1974 in
596 1920 699 1991 partes
726 1911 837 1984 velint,
867 1911 931 1972 sine
953 1919 1034 1971 metu
1054 1909 1150 1990 proli-

132 1994 212 2056 cisci.
256 1993 360 2057 Cicero
393 1998 433 2058 ad
459 1997 534 2059 haec
559 2017 651 2059 unum
679 1998 766 2058 modo
789 1996 959 2076 respondit:
992 1995 1063 2058 Non
1084 2014 1151 2058 esse

133 2082 382 2144 consuetudinem
414 2083 516 2164 populi
543 2083 674 2145 Romani
701 2082 835 2163 accipere
862 2084 901 2144 ab
922 2083 1011 2144 hoste
1032 2091 1151 2144 armato
1164 2105 1194 2144 so

133 2167 350 2229 condicionem:
385 2169 412 2231 si
444 2170 482 2231 ab
516 2170 606 2232 armis
641 2169 793 2231 discedere
821 2168 930 2243 velint,
959 2188 992 2230 se
1014 2168 1151 2231 adiutore

132 2261 259 2315 utantur
280 2253 456 2336 legatosque
478 2258 518 2319 ad
540 2255 703 2319 Caesarem
717 2255 857 2329 mittant3
880 2274 1000 2336 sperare
1015 2275 1070 2336 pro
1086 2255 1151 2317 eius

132 2339 251 2402 institia
272 2359 349 2420 quae
370 2342 513 2421 petierint
532 2342 756 2422 impetraturos.

196 2424 248 2487 Ab
280 2427 338 2488 hac
364 2447 417 2507 spe
445 2428 557 2508 repulsi
583 2428 691 2490 Nervii
717 2427 799 2491 vallo
823 2428 932 2508 pedum
953 2441 994 2489 ix
1016 2433 1048 2487 et
1067 2426 1194 2487 fossam

133 2512 242 2590 pedum
264 2526 316 2573 xv
338 2513 465 2575 hiberna
486 2515 617 2595 cingunt.
646 2515 731 2576 Haec
753 2523 783 2576 et
805 2512 990 2594 superiorum
1005 2529 1151 2573 annorum
1165 2536 1194 2575 rs

133 2598 349 2660 consuetudine
371 2600 409 2661 ab
432 2600 518 2662 nobis
541 2609 744 2681 cognoverant
766 2608 806 2675 et,
830 2620 905 2680 quos
920 2599 997 2661 clam
1012 2599 1049 2660 de
1064 2616 1152 2659 exer-

134 2682 194 2743 citu
215 2682 369 2745 habebant
388 2686 540 2766 captivos,
557 2688 603 2748 ab
618 2687 655 2748 iis
670 2687 869 2760 docebantur3
892 2687 946 2748 sed
959 2684 1042 2747 nulla
1055 2685 1153 2746 ferra

133 2776 304 2829 mentorum
332 2770 432 2849 copia,
461 2791 539 2851 quae
560 2780 642 2835 esset
664 2775 704 2834 ad
726 2774 805 2834 hunc
825 2791 911 2834 usum
933 2772 1057 2846 idonea,
1086 2770 1153 2850 gla-

135 2852 194 2914 diis
216 2853 365 2932 caespites
387 2855 610 2932 circumcidere,
633 2859 772 2920 manibus
789 2859 958 2938 sagulisque
972 2866 1083 2919 terram
1098 2875 1153 2917 ex-

134 2936 254 3000 haurire
281 2938 471 3002 videbantur.
521 2939 590 3010 Qua
617 2944 735 3023 quidem
764 2963 801 3006 ex
822 2964 854 3005 re
874 2943 1026 3005 hominum
1048 2941 1153 3003 multi·
1170 2960 1197 2999 so

135 3025 208 3086 tudo
231 3024 369 3104 cognosci
389 3025 502 3104 potuit:
526 3047 597 3089 nam
618 3029 717 3090 miuus
739 3029 820 3091 horis
843 3029 937 3090 tribus
952 3028 1063 3089 milium
1080 3047 1154 3106 pas-

136 3129 224 3172 suum
246 3124 297 3171 xv
319 3111 350 3172 in
374 3111 527 3174 circuitum
542 3114 735 3176 munitionem
750 3116 950 3194 perfecerunt,
974 3112 1154 3193 reliquisque

135 3196 242 3278 diebus
270 3206 370 3259 turres
400 3199 439 3259 ad
466 3197 656 3260 altitudinem
682 3199 771 3274 valli,
799 3201 890 3262 falces
913 3199 1153 3276 testudinesque,

135 3302 211 3362 quas
234 3283 325 3345 iidem
347 3283 459 3362 captivi
482 3285 659 3358 docuerant,
681 3303 790 3366 parare
813 3305 848 3348 ac
869 3288 967 3346 facere
983 3291 1154 3363 coeperunt

201 3367 338 3449 Septimo
366 3371 598 3451 oppugnationis
626 3371 673 3432 die
700 3371 831 3433 maximo
856 3379 958 3432 coorto
981 3378 1071 3430 vento
1093 3370 1198 3431 ier-43

135 3464 244 3517 ventes
265 3455 348 3517 fusili
370 3475 408 3517 ex
430 3457 536 3537 argilla
558 3457 681 3537 glandes
703 3457 803 3518 fundis
826 3467 856 3518 et
877 3458 1041 3518 fervefacta
1059 3455 1156 3517 iacula
1169 3477 1197 3517 sc

135 3540 167 3601 in
190 3561 294 3615 casas,
323 3562 400 3621 quae
423 3562 504 3604 more
526 3542 645 3605 Gallico
668 3544 840 3605 stramentis
863 3550 949 3604 erant
970 3551 1085 3612 tectae,
1106 3541 1155 3602 ia-

136 3646 200 3687 cere
224 3637 392 3707 coeperunt.
436 3629 504 3689 Hae
529 3629 668 3691 celeriter
694 3629 793 3711 ignem
815 3629 1103 3709 comprehenderunt
1124 3634 1156 3688 et

135 3713 220 3774 venti
243 3714 448 3794 magnitudine
470 3715 501 3776 in
524 3735 642 3777 omnem
664 3716 761 3779 locum
782 3725 949 3778 castrorum
965 3714 1154 3776 distulerunt

137 3799 250 3861 Hostes
278 3801 408 3862 maximo
431 3802 561 3864 clamore
583 3802 671 3865 sicuti
692 3813 783 3883 parta
804 3803 865 3864 iam
889 3810 977 3882 atque
1000 3801 1156 3881 explorata
1170 3824 1199 3864 so

137 3885 265 3948 victoria
286 3896 385 3949 turres
406 3889 632 3970 testudinesque
655 3910 743 3969 agere
765 3900 796 3950 et
816 3887 905 3950 scalis
920 3888 1033 3950 vallum
1048 3906 1156 3950 ascen-

139 3971 209 4032 dere
235 3982 403 4052 coeperunt
446 3973 493 4036 At
513 3984 603 4038 tanta
623 3976 751 4038 militum
773 3977 871 4038 virtus
894 3983 985 4056 atque
1007 3994 1045 4037 es
1064 3992 1156 4054 praa-
