2616 4492
194 265 238 327 40
521 282 569 329 nn
591 281 709 330 annno
732 283 890 332 cancico

197 415 314 516 Occisis
342 417 382 478 ad
408 417 562 481 hominum
590 420 711 483 milibus
733 430 877 503 quattuor
898 419 1004 500 reliqui
1024 417 1057 480 in
1077 415 1221 497 oppidum

197 504 301 566 reiectr
322 512 401 566 sunt
445 505 598 569 Postridie
620 508 683 570 eius
706 509 764 571 diei
786 507 920 570 refractis
942 505 1055 586 portis,
1078 522 1145 565 cum
1159 503 1223 564 iam

200 590 372 653 defenderet
398 610 501 668 nemo,
531 603 622 675 atque
644 595 827 657 intromissis
849 593 995 656 militibus
1016 591 1129 653 nostris
1152 608 1222 650 sec-

199 676 311 776 tionem
345 676 409 738 eius
438 679 541 759 oppidi
568 681 740 742 universam
764 682 880 744 Caesar
901 678 1046 741 vendidit.
1091 676 1142 738 Ab
1164 674 1220 750 iis,

169 782 250 862 rqm
273 772 424 863 emerant,
447 765 579 845 capitum
601 786 742 829 numems
766 769 805 829 ad
828 786 895 829 eum
916 766 1031 828 relatus
1046 772 1094 825 est
1108 761 1223 824 milium

200 859 415 930 quinquaginta
436 851 535 915 trium.

157 932 193 985 34
265 935 381 996 Eodem
409 944 544 1018 tempore
565 959 585 1002 a
605 940 715 1002 Publio
738 937 867 1014 Crasso,
901 955 988 1019 quem
1017 955 1084 996 cnm
1104 932 1223 1014 legione

200 1040 263 1085 nna
283 1021 409 1084 miserat
431 1025 470 1084 ad
491 1025 644 1101 Venetos,
667 1026 810 1100 Unellos,
834 1024 988 1098 Osismos‚
1012 1019 1222 1093 Coriosolitas,

200 1107 348 1183 Esurios,
381 1107 543 1187 Aulercos,
571 1112 730 1188 Redones,
754 1131 831 1191 quae
858 1120 930 1173 sunt
956 1108 1126 1170 maritimae
1147 1105 1223 1167 ciri-

158 1213 187 1252 ro
201 1203 283 1256 tates
306 1193 517 1277 Oceanumque
539 1199 707 1279 attingunt,
730 1199 840 1260 certior
860 1199 959 1259 iactus
981 1204 1029 1256 est
1051 1212 1154 1255 omnes
1170 1211 1224 1253 eas

201 1280 342 1429 ciqitates
364 1281 395 1343 in
418 1283 600 1346 deditionem
622 1293 864 1365 potestatemque
886 1281 989 1365 populi
1010 1279 1142 1343 Romani
1156 1296 1225 1340 esse

200 1386 234 1428 re
255 1376 349 1429 actas.

167 1451 203 1503 3⁸
266 1453 324 1515 His
348 1455 436 1516 rebus
460 1455 553 1537 gestis
576 1458 656 1519 omni
679 1456 781 1519 Gallia
802 1464 914 1537 pacata
936 1462 1025 1516 tanta
1044 1452 1132 1514 huius
1151 1448 1225 1512 belli

203 1540 243 1602 ad
275 1541 422 1603 barbaros
456 1542 555 1623 opinio
589 1543 709 1623 perlata
736 1552 798 1616 est,
831 1542 876 1604 nti
903 1542 942 1602 ah
968 1540 1007 1602 iis
1034 1538 1225 1610 nationibus,

159 1645 187 1684 rr
202 1645 279 1706 qnae
301 1638 388 1690 trans
409 1628 551 1691 Rhenum
573 1629 753 1703 incolerent,
776 1629 967 1690 mitterentur
981 1626 1073 1706 legati
1089 1625 1127 1686 ad
1144 1623 1225 1685 Cae-

202 1733 315 1788 sarem,
350 1714 400 1795 qui
428 1735 461 1776 se
490 1716 610 1778 obsides
639 1719 779 1791 daturas,
807 1715 958 1795 imperata
978 1714 1111 1774 iaotmas
1132 1709 1226 1790 polli-

202 1808 350 1863 cerentur.
388 1798 474 1872 Quas
496 1802 663 1883 legationes
686 1803 809 1876 Caesar,
833 1803 913 1882 quod
934 1801 966 1862 in
987 1797 1110 1861 Italiam
1124 1795 1227 1878 Illyri-

203 1904 329 1966 cumque
355 1889 556 1968 properabat,
589 1889 667 1951 inita
691 1889 831 1969 proxima
857 1896 976 1948 aestate
1000 1887 1040 1947 ad
1062 1904 1095 1946 se
1115 1881 1228 1945 reverti

202 1972 300 2034 iussit.
343 1973 414 2052 Ipse
435 1974 466 2035 in
489 1974 653 2049 Carnutes,
678 1974 801 2050 Andes,
826 1975 977 2046 Turones,
1000 1990 1135 2052 quaeque
1150 1968 1228 2031 civi·

160 2079 190 2117 ao
204 2066 285 2157 tates
307 2058 493 2139 propinquae
515 2061 552 2123 iis
575 2060 648 2123 locis
672 2071 773 2134 erant,
796 2061 848 2122 uhi
870 2059 979 2122 bellum
1002 2065 1154 2138 gesserat,
1181 2055 1228 2117 le-

204 2144 341 2224 gionibus
369 2145 400 2206 in
421 2145 618 2211 hibernacula
642 2148 777 2209 deductis
799 2147 831 2207 in
852 2145 975 2207 Italiam
996 2144 1147 2225 proiectus
1171 2149 1227 2203 est

204 2229 254 2330 Ob
278 2251 388 2313 easque
410 2251 459 2294 res
483 2252 520 2294 ex
541 2233 650 2296 litteris
674 2232 816 2295 Caesaris
839 2232 953 2294 dierum
969 2229 1138 2312 quindecim
1153 2248 1228 2308 snp-

204 2316 326 2398 phcatio
349 2318 471 2381 decreta
493 2329 556 2396 est,
579 2322 659 2402 quod
682 2329 754 2382 ante
775 2319 808 2380 id
829 2327 949 2400 tempus
971 2317 1081 2380 accidit
1101 2315 1184 2378 nulli.

587 2658 745 2733 LIBER
776 2656 844 2731 ΠΙ.

182 2844 196 2893 1
271 2835 347 2899 Cum
374 2834 406 2896 in
428 2829 550 2893 Italiam
571 2829 810 2911 proficisceretur
832 2827 956 2901 Caesar,
985 2824 1126 2888 Servium
1148 2823 1229 2888 Gal·

163 2950 193 2988 ao
207 2926 278 2986 bam
305 2943 372 2986 cum
399 2918 516 2999 legione
544 2917 719 2979 duodecima
746 2925 777 2978 et
801 2923 890 2995 parte
913 2913 1065 2992 equitatus
1086 2912 1119 2973 in
1140 2911 1230 2975 Nan-

207 3020 325 3084 tuates,
351 3010 507 3085 Veragros
532 3004 728 3083 Sedunosque
750 3002 848 3078 misit,
873 3000 923 3082 qui
945 3000 983 3060 ab
1006 3000 1114 3060 finibus
1137 2998 1230 3060 Allo-

188 3099 331 3178 brogum
355 3105 385 3158 et
407 3094 473 3155 lacu
494 3092 650 3154 Lemanno
673 3098 704 3151 et
726 3089 847 3150 flumine
868 3087 1018 3148 Rhodano
1041 3088 1081 3147 ad
1095 3105 1229 3147 summas

207 3184 304 3265 Alpes
326 3182 484 3263 pertinent.
530 3177 633 3240 Causa
655 3175 795 3238 mittendi
820 3175 891 3246 fuit,
915 3174 994 3253 quod
1016 3171 1073 3234 iter
1093 3191 1148 3251 per
1168 3169 1231 3232 Al-

207 3290 276 3352 pes,
310 3289 369 3350 quo
402 3285 510 3346 magno
538 3285 604 3326 cum
632 3262 762 3344 periculo
790 3260 965 3340 magnisque
993 3278 1059 3320 cunr
1087 3257 1231 3338 portoriis

164 3381 193 3420 aa
207 3367 388 3420 mercatores
416 3353 460 3415 ire
487 3359 683 3425 consuerant,
713 3348 851 3429 patefieri
877 3344 1009 3408 volebat
1059 3345 1138 3406 Huic
1159 3363 1232 3424 per-

207 3443 305 3520 misit,
341 3444 368 3505 si
395 3459 470 3522 opus
498 3458 565 3499 esse
593 3437 801 3508 arbitraretur,
830 3432 874 3495 nti
901 3432 932 3493 in
959 3431 1007 3493 his
1034 3431 1108 3492 locis
1135 3430 1231 3511 legio-

208 3550 277 3593 nem
304 3526 458 3592 hiemandi
485 3544 578 3586 eausa
600 3524 778 3584 conlocaret.
828 3519 929 3580 Galba
952 3517 1091 3579 secundis
1114 3517 1233 3596 aliquot

208 3617 330 3698 proeliis
362 3614 451 3678 lactis
479 3611 671 3690 castellisque
702 3605 903 3685 compluribus
927 3624 1030 3666 eorum
1052 3603 1232 3684 expugnatis

209 3702 311 3764 missis
333 3703 372 3763 ad
395 3720 461 3762 enm
484 3698 613 3777 undique
636 3695 743 3776 legatis
767 3692 980 3772 obsidibusque
1002 3691 1081 3752 datis
1106 3698 1137 3750 et
1157 3709 1234 3769 pace

166 3813 195 3853 ro
208 3790 291 3850 lacta
323 3786 478 3849 constituit
510 3784 648 3846 cohortes
679 3784 754 3843 duas
782 3779 813 3839 in
840 3778 1047 3840 Nantuatibus
1075 3777 1234 3838 conlocare

210 3884 242 3937 et
262 3875 327 3954 ipse
350 3893 415 3935 cnm
438 3870 560 3951 reliquis
586 3869 649 3931 eius
671 3867 797 3948 legionis
814 3865 987 3928 cohortibus
1002 3865 1033 3926 in
1048 3864 1114 3926 vico
1129 3863 1234 3925 Vera-

209 3980 345 4044 grorum,
378 3959 428 4041 qui
461 3956 632 4038 appellatur
662 3953 852 4026 Octodurus,
888 3953 1036 4025 hiemare3
1071 3950 1122 4031 qui
1148 3949 1235 4012 dous
