2616 4492
226 298 271 361 2⁰
554 314 604 360 nu
625 312 743 362 suano
766 313 921 362 eurardo

228 462 277 517 tes
309 471 404 534 neque
432 451 520 533 signa
545 451 637 514 laturi
664 453 811 527 dicautur,
845 452 920 515 nihil
947 472 979 515 se
1002 472 1038 515 ca
1059 472 1093 515 re
1114 472 1251 516 commo-

227 537 309 613 veri;
343 539 418 601 scire
446 539 541 613 enim,
575 539 810 619 quibuscumque
837 540 986 602 exercitus
1014 540 1095 601 dicto
1122 541 1251 602 audiens

228 645 288 687 non
309 625 413 698 fuerit,
437 633 491 686 aut
512 624 590 686 male
612 646 645 687 re
667 635 752 706 gesta
766 627 918 688 fortunam
934 626 1063 688 defuisse
1079 634 1133 687 ant
1148 626 1251 707 aliquo

227 712 359 774 facinore
381 719 532 792 comperto
556 713 716 774 avaritiam
739 732 806 773 esse
829 713 1006 773 convictam.
1040 710 1136 774 Suam
1158 713 1251 774 inno-

195 798 356 860 acentiam
378 805 524 878 perpetua
545 798 625 874 vita,
653 799 825 860 felicitatem
847 799 1055 860 Helvetiorum
1077 798 1158 860 bello
1182 818 1251 861 esse

227 893 429 966 perspectam.
472 884 579 964 Itaque
607 905 655 960 se,
689 885 769 964 quod
795 885 827 945 in
854 885 1017 965 longiorem
1041 885 1119 947 diem
1142 885 1252 947 conla-

228 980 315 1032 turus
329 971 459 1043 fuisset,
482 979 778 1050 repraesentaturum
793 980 824 1032 et
838 972 975 1050 proxima
990 980 1078 1033 nocte
1090 972 1128 1033 de
1140 979 1253 1052 quarta

228 1056 333 1138 vigilia
354 1066 455 1118 castra
478 1065 642 1130 moturum,
666 1066 701 1118 nt
723 1058 964 1137 quamprimum
986 1058 1159 1139 intellegere
1174 1076 1251 1138 pos-

229 1151 291 1216 set,
319 1151 421 1205 utrum
448 1144 529 1223 apud
555 1163 606 1205 eos
630 1145 727 1223 pudor
749 1153 840 1223 atque
863 1144 992 1205 officium
1015 1164 1055 1206 an
1077 1145 1167 1207 timor
1189 1163 1250 1205 va-

186 1252 215 1291 m
230 1229 314 1292 leret.
360 1223 449 1298 Quod
477 1229 503 1290 si
530 1239 688 1309 praeterea
709 1249 795 1291 nemo
818 1239 972 1310 sequatur,
1001 1239 1103 1291 tamen
1126 1248 1250 1292 secum

229 1315 295 1377 sola
316 1315 432 1378 decima
452 1315 568 1397 legione
593 1317 721 1391 iturum,
750 1317 787 1378 de
814 1336 875 1396 qua
896 1335 956 1377 non
978 1317 1144 1389 dubitaret,
1174 1316 1251 1377 sibi-

229 1420 287 1483 que
319 1421 386 1463 eam
418 1402 601 1483 praetoriam
634 1403 787 1464 cohortem
818 1404 961 1464 futuram.
1027 1403 1107 1464 Huic
1138 1401 1251 1482 legioni

228 1487 344 1551 Caesar
371 1497 402 1550 et
428 1487 596 1551 indulserat
622 1489 784 1570 praecipue
812 1497 843 1551 et
864 1498 986 1569 propter
1006 1489 1150 1550 virtutem
1173 1507 1250 1549 con-

228 1574 343 1637 fidebat
363 1575 503 1638 maxime.

183 1667 218 1718 41
292 1662 361 1724 Hac
380 1662 518 1724 oratioue
539 1660 646 1722 habita
668 1660 830 1723 mirum'in
852 1662 974 1722 modum
996 1678 1156 1721 conversae
1178 1669 1251 1723 sunt

185 1771 213 1811 m
229 1747 362 1810 omniurn
384 1757 500 1810 mentes
522 1767 698 1829 summaque
721 1748 865 1811 alacritas
885 1755 917 1809 at
939 1747 1087 1826 cupiditas
1108 1746 1180 1808 belli
1194 1766 1250 1825 ge-

227 1834 312 1897 rendi
338 1833 445 1896 innata
471 1843 534 1908 est,
567 1833 766 1915 princepsque
794 1834 909 1897 decima
936 1833 1011 1914 legio
1034 1852 1089 1912 per
1110 1833 1250 1896 tribunos

228 1920 358 1981 militum
390 1920 417 1981 ei
449 1921 562 2000 gratias
590 1922 665 2000 egit,
700 1922 779 2001 quod
807 1922 844 1982 de
873 1940 905 1981 se
933 1919 1078 1999 optimum
1105 1919 1250 1981 iudicium

228 2006 363 2078 fecisset,
398 2025 488 2087 seque
521 2025 588 2067 esse
621 2009 661 2069 ad
692 2006 804 2068 bellum
832 2007 995 2086 gerendum
1021 2005 1251 2085 paratissimam

186 2091 426 2156 reconfirmavit.
469 2092 585 2153 Deinde
611 2093 745 2173 reliquae
773 2092 903 2173 legiones
926 2111 993 2153 cum
1016 2091 1143 2152 tribunis
1166 2092 1250 2154 mili-

229 2186 294 2240 tum
317 2186 348 2240 et
368 2177 532 2257 primorum
554 2179 691 2239 ordinum
707 2177 928 2240 centurionibus
944 2186 1083 2258 egerunt,
1106 2177 1150 2239 uti
1166 2178 1250 2240 (lae-

229 2263 293 2326 sari
326 2264 549 2326 satisfacerent:
583 2283 616 2326 se
649 2283 704 2326 nec
731 2284 873 2344 umquam
901 2265 1056 2327 dubitasse
1083 2283 1178 2345 neque
1205 2265 1250 2326 ti-

229 2351 343 2413 muisse
375 2369 471 2430 nequa
505 2352 541 2413 de
574 2369 692 2412 summa
714 2350 785 2412 belli
807 2370 895 2412 suum
916 2350 1073 2423 iudicium,
1107 2350 1162 2412 sed
1189 2350 1251 2412 im-

228 2436 378 2517 peratoris
401 2456 468 2498 esse
490 2437 719 2499 existimavisse.
762 2437 877 2499 Eorum
899 2436 1106 2499 satisfactione
1125 2445 1252 2517 accepta

185 2549 214 2588 aa
230 2532 262 2585 et
282 2523 390 2584 itinere
414 2523 561 2604 exquisito
583 2543 637 2604 per
658 2523 860 2595 Divitiacum,
884 2524 962 2603 quod
986 2542 1023 2583 ex
1045 2523 1114 2584 aliis
1137 2523 1165 2584 ei
1180 2542 1250 2586 ma-

228 2609 342 2671 ximam
364 2610 454 2671 fidem
475 2610 623 2684 habebat,
646 2619 683 2672 nt
701 2608 816 2673 milium
839 2608 969 2689 amplius
989 2625 1012 2671 L
1030 2608 1153 2670 circuitu
1175 2609 1250 2673 locis
1282 2631 1286 2639 ·

230 2695 343 2776 apertis
372 2696 533 2757 exercitum
556 2697 692 2771 duceret,
721 2697 758 2758 de
781 2705 891 2777 quarta
912 2694 1030 2776 vigilia,
1057 2703 1091 2756 ut
1114 2695 1250 2772 dixerat,

228 2783 381 2863 profectus
415 2790 470 2844 est.
515 2781 650 2863 Septimo
684 2782 746 2857 die,
781 2801 849 2843 cnm
876 2782 935 2844 iter
956 2801 1016 2843 nou
1038 2781 1248 2858 itermitteret,

230 2869 269 2929 ab
303 2868 542 2948 exploratoribus
576 2869 683 2930 certior
714 2870 812 2930 factus
841 2878 889 2929 est
915 2867 1064 2929 Ariovisti
1096 2868 1200 2947 copias
1229 2888 1250 2932 a

186 2980 215 3019 so
229 2955 341 3019 nostris
364 2955 483 3017 milibus
505 2975 651 3034 passuum
674 2964 816 3035 quattuor
839 2966 869 3017 et
890 2955 996 3035 viginti
1018 2955 1134 3016 abesse.

186 3048 220 3096 42
294 3041 420 3122 Cognito
449 3041 590 3103 Caesaris
618 3044 751 3105 adventu
777 3041 952 3104 Ariovistus
978 3041 1094 3121 legatos
1117 3041 1157 3102 ad
1180 3059 1250 3103 enm

229 3127 337 3190 mittit:
372 3129 452 3209 quod
479 3137 568 3190 antea
595 3129 632 3190 de
661 3129 816 3208 conloquio
840 3127 1041 3208 postulasset,
1074 3127 1107 3188 id
1133 3145 1188 3207 per
1206 3147 1250 3190 'se

228 3214 293 3276 fieri
326 3214 430 3289 licere,
465 3215 606 3294 quoniam
633 3216 756 3295 propius
780 3215 972 3287 accessisset3
1006 3233 1098 3294 seque
1124 3214 1249 3276 idsine

228 3301 359 3382 periculo
386 3303 483 3363 facere
510 3322 601 3382 posse
628 3303 808 3363 existimare.
858 3300 928 3361 Non
954 3301 1069 3380 respuit
1096 3300 1249 3362 condicio-

106 3406 116 3429 ·
184 3412 213 3449 aa
229 3407 297 3449 nem
325 3387 449 3461 Caesar,
482 3388 603 3469 iamque
630 3408 698 3450 eum
726 3390 766 3449 ad
793 3387 956 3448 sanitatem
979 3386 1090 3448 reverti
1113 3387 1248 3448 arbitra-

227 3474 329 3548 batur,
353 3493 419 3536 cum
441 3474 487 3548 id,
511 3477 591 3556 quod
612 3483 704 3536 antea
725 3473 839 3553 petenti
863 3475 1054 3553 denegasset,
1078 3472 1155 3533 ultro
1178 3472 1249 3552 pol·

228 3559 381 3635 liceretur;
410 3580 608 3642 magnamque
634 3562 666 3623 in
689 3579 774 3640 spem
796 3559 953 3634 veniebat,
986 3579 1040 3639 pro
1064 3558 1128 3620 suis
1149 3559 1247 3621 tantis

229 3646 390 3727 populique
410 3647 541 3709 Romani
563 3648 594 3708 in
617 3667 683 3708 enm
706 3645 858 3708 beneficiis
886 3646 1012 3727 cognitis
1047 3645 1109 3707 suis
1137 3654 1247 3724 postn-

229 3731 301 3793 latis
322 3734 398 3807 fore,
422 3734 466 3795 uti
487 3734 654 3814 pertinacia
676 3733 844 3794 desisteret.
887 3733 961 3794 Dies
977 3731 1133 3812 conloquio
1149 3732 1250 3794 dictus

185 3825 277 3880 coest
299 3838 336 3879 ex
358 3839 392 3880 eo
415 3819 462 3881 die
485 3821 616 3901 quintus
660 3818 782 3881 Interim
805 3838 896 3898 saepe
917 3820 996 3880 ultro
1019 3819 1151 3898 citroque
1179 3836 1249 3881 cum

228 3904 321 3983 legati
353 3904 431 3967 inter
463 3925 514 3968 eos
547 3907 751 3980 mitterentur,
784 3904 959 3968 Ariovistus
991 3904 1175 3984 postulavit,
1209 3924 1248 3967 ne

227 4008 317 4070 quern
348 3991 479 4071 peditem
511 3993 552 4055 ad
584 3992 773 4073 conloquium
801 3992 915 4055 Caesar
937 3993 1112 4054 adduceret:
1147 3991 1248 4054 vereri
