2616 4492
208 276 251 340 46
537 292 585 337 nn
608 291 725 338 nanno
749 290 904 338 enucleo

208 432 321 513 pisset,
350 439 380 492 et
401 438 615 510 tempestatem
642 433 755 492 ferrent
775 430 892 492 facilius
915 439 946 491 et
967 429 1109 492 invadis
1132 430 1234 491 consi-

209 527 326 580 sterent
358 517 452 578 tutius
480 526 511 578 et
539 518 577 577 ab
606 526 693 578 aestu
720 517 843 578 relictae
871 517 946 579 nihil
975 536 1052 578 saxa
1075 525 1106 577 et
1127 526 1232 578 cautes

208 606 365 677 timerent;
400 622 526 683 quarum
560 622 656 664 rerum
691 604 824 664 omnium
851 604 962 664 nostris
992 603 1119 664 navibus
1142 623 1233 664 casus

209 700 276 753 erat
298 690 545 751 extimescendas.
762 759 765 764 ¹

168 777 202 826 14
275 777 486 856 Compluribus
515 776 693 856 expugnatis
722 777 839 856 oppidis
868 775 983 836 Caesar
1010 776 1061 836 ubi
1082 775 1234 836 intellexit

181 865 322 925 tirustra
344 871 461 923 tantum
484 862 619 924 laborem
642 863 719 923 sumi
741 882 837 943 neque
859 863 990 923 hostiurn
1012 862 1112 942 fugam
1135 861 1232 941 captis

211 950 329 1030 oppidis
352 947 474 1027 reprimi
496 969 592 1028 neque
614 949 652 1010 iis
675 950 775 1010 noceri
795 969 903 1028 posse,
927 948 1036 1009 statuit
1051 956 1233 1027 exspectan-

182 1052 184 1056 ·
211 1038 282 1098 dam
309 1034 447 1096 classem.
498 1032 584 1103 Quae
612 1035 664 1096 ubi
691 1037 832 1096 convenit
860 1055 896 1096 ac
917 1035 1046 1114 primum
1069 1036 1108 1095 ab
1130 1035 1231 1094 hosti-

209 1123 267 1184 bus
290 1123 358 1182 visa
381 1130 442 1194 est,
467 1120 583 1182 circiter
605 1137 702 1182 ccxx
725 1142 819 1183 naves
836 1141 937 1184 eorum
952 1121 1166 1200 paratissimae
1181 1129 1233 1181 at-

173 1229 197 1267 to
212 1228 268 1288 que
291 1208 372 1269 omni
395 1227 502 1287 genere
524 1227 673 1272 armorum
697 1208 908 1269 ornatissimae
923 1209 1075 1286 proiectae
1091 1226 1128 1266 ex
1141 1215 1233 1285 portu

211 1295 322 1356 nostris
344 1295 491 1355 adversae
507 1295 720 1369 constiterunt3
744 1313 840 1374 neque
856 1294 931 1354 satis
946 1294 1056 1365 Bruto,
1080 1293 1131 1372 qni
1142 1292 1235 1353 classi

210 1389 368 1462 praeerat,
401 1380 451 1440 vel
484 1381 613 1441 tribunis
642 1381 770 1442 militum
793 1380 1091 1460 centurionibusque,
1126 1379 1233 1459 quibus

211 1467 347 1547 singulae
370 1486 465 1527 naves
489 1476 576 1527 erant
599 1467 779 1539 attributae,
809 1467 982 1538 constabat,
1017 1465 1087 1546 quid
1111 1474 1235 1545 agerent

212 1563 266 1617 aut
289 1573 379 1634 qnam
402 1553 551 1614 rationem
573 1572 691 1633 pugnae
713 1553 898 1614 insisterent.
936 1552 1049 1613 Rostro
1073 1552 1151 1613 enim
1175 1570 1234 1613 no-

174 1661 198 1700 u
212 1641 272 1702 ceri
294 1642 355 1701 non
376 1659 466 1719 posse
489 1648 706 1718 cognoverant;
741 1641 873 1700 turribus
896 1649 996 1700 autem
1019 1639 1159 1699 excitatis
1181 1647 1234 1699 ta-

202 1746 281 1790 ·men
313 1728 370 1788 has
399 1726 527 1787 altitudo
555 1726 700 1805 puppium
730 1745 767 1787 ex
794 1726 933 1787 barbaris
956 1725 1084 1786 navibus
1108 1744 1235 1804 supera·
1276 1727 1278 1730 ’

212 1814 281 1888 bat,
305 1821 340 1874 ut
362 1831 457 1892 neque
481 1832 518 1873 ex
539 1812 677 1873 inferiore
699 1812 763 1874 loco
787 1813 862 1873 satis
885 1813 1039 1873 commode
1061 1811 1124 1872 tela
1147 1811 1236 1872 adiici

211 1908 338 1980 possent
360 1908 390 1959 et
412 1899 507 1959 missa
528 1900 568 1959 ab
591 1898 689 1960 Gallis
713 1899 834 1979 gravius
856 1899 1032 1960 acciderent.
1076 1898 1148 1958 Una
1169 1907 1235 1959 erat

213 2005 322 2066 magno
358 1984 424 2045 usui
452 2004 501 2045 res
528 1994 710 2064 praeparata
733 2004 752 2045 a
774 1985 901 2056 nostris,
934 1985 1026 2046 falces
1054 1993 1235 2063 praeacutae

170 2091 199 2129 ao
212 2071 344 2133 insertae
372 2071 549 2149 adfixaeque
572 2071 729 2151 longuriis,
764 2091 823 2133 non
851 2071 983 2132 absimili
1008 2071 1107 2132 forma
1128 2090 1235 2133 mura-

213 2157 286 2218 lium
319 2156 449 2218 lalcium.
504 2156 562 2217 His
591 2176 657 2217 oum
679 2158 780 2231 funes,
816 2158 866 2238 qui
894 2166 1052 2219 antemnas
1075 2157 1115 2223 ad
1137 2157 1234 2218 malos

214 2243 424 2316 destinabant,
449 2243 655 2322 comprehensi
678 2244 858 2323 adductique
882 2253 982 2317 erant,
1007 2243 1127 2323 navigio
1142 2243 1233 2304 remis

213 2329 337 2391 incitato
361 2330 658 2407 praerumpebantur.
704 2328 821 2398 Quibus
846 2331 972 2392 abscisis
995 2338 1156 2392 antemnae
1178 2349 1235 2390 ne-

213 2416 344 2478 cessario
368 2415 580 2488 concidebant,
604 2426 653 2488 ut,
677 2435 744 2477 cum
767 2417 863 2478 omnis
879 2416 1005 2478 Gallicis
1020 2417 1150 2477 navibus
1166 2435 1235 2496 spes

170 2522 200 2561 aa
213 2503 245 2564 in
267 2502 342 2562 velis
366 2502 619 2581 armamentisque
642 2502 835 2578 consisteret,
859 2504 906 2564 his
923 2503 1033 2585 ereptis
1050 2503 1147 2563 omnis
1162 2522 1234 2564 usus

214 2589 336 2650 navium
358 2607 418 2649 uno
441 2597 575 2666 tempore
599 2589 771 2667 eriperetur.
815 2590 975 2669 Reliquum
998 2599 1063 2650 erat
1084 2600 1236 2650 certamen

214 2675 346 2754 positum
368 2675 400 2735 in
422 2675 548 2747 virtute,
578 2695 637 2754 qua
664 2676 760 2737 nostri
788 2677 901 2736 milites
923 2676 1011 2737 facile
1033 2677 1234 2755 superabant,

215 2770 307 2840 atque
330 2779 364 2820 eo
388 2761 498 2841 magis,
523 2763 602 2841 quod
623 2762 654 2822 in
678 2771 838 2842 conspectu
861 2763 1002 2824 Caesaris
1025 2771 1115 2842 atque
1139 2762 1236 2823 omnis

215 2847 364 2909 exercitus
398 2867 446 2909 res
481 2849 650 2927 gerebatur,
684 2858 718 2910 ut
746 2850 860 2910 nullum
880 2850 972 2928 paulo
994 2849 1101 2910 fortius
1122 2849 1236 2910 iactum

172 2954 201 2992 eo
215 2933 310 2996 latere
332 2944 451 3012 posset3
475 2954 579 2995 omnes
603 2935 681 2995 enim
704 2935 795 2998 colles
819 2955 854 2997 ac
876 2936 944 2998 loca
965 2935 1130 3014 superiora,
1157 2936 1236 2996 unde

216 3030 283 3082 erat
302 3020 484 3101 propinquus
500 3022 658 3100 despectus
673 3021 704 3082 in
720 3041 819 3097 mare,
844 3023 882 3083 ab
899 3022 1031 3084 exercitu
1046 3022 1234 3083 tenebantur.

173 3114 206 3162 15
280 3106 436 3180 Disiectis,
460 3115 494 3167 ut
516 3106 659 3181 diximus,
675 3109 833 3168 antemnis
850 3129 915 3169 oum
931 3108 1064 3188 singulas
1078 3107 1168 3169 binae
1185 3116 1237 3168 aut

215 3201 320 3254 ternae
343 3213 437 3254 naves
460 3193 734 3267 circumsteterant,
758 3194 868 3255 milites
892 3215 1009 3256 summa
1030 3194 1061 3254 vi
1077 3203 1236 3254 transcen-

215 3281 286 3341 dere
307 3279 338 3340 in
360 3279 490 3340 hostium
514 3299 607 3340 naves
623 3282 854 3342 contendebant.
883 3279 972 3350 Quod
986 3289 1148 3359 postquam
1163 3281 1237 3342 bar-

173 3365 282 3427 aobari
305 3366 369 3426 fieri
398 3366 690 3440 animadverterunt,
722 3368 900 3448 expugnatis
922 3367 1124 3445 compluribus
1147 3367 1238 3428 navi-

215 3452 288 3526 bus,
317 3471 384 3513 oum
411 3452 438 3512 ei
467 3452 510 3513 rei
531 3452 647 3513 nullum
669 3453 850 3532 reperiretur
872 3453 1031 3525 auxilium,
1058 3455 1129 3534 iuga
1151 3453 1238 3515 salu-

216 3546 275 3599 tem
297 3547 400 3617 petere
422 3540 646 3599 contenderunt.
691 3539 740 3600 Ac
761 3539 823 3600 iam
845 3540 998 3601 conversis
1020 3540 1052 3600 in
1074 3558 1143 3601 eam
1163 3558 1238 3619 par-

216 3632 278 3685 tem
312 3624 455 3696 navibus,
490 3644 549 3705 quo
577 3633 686 3686 ventus
708 3625 840 3699 ferebat,
874 3637 963 3688 tanta
985 3626 1085 3688 subito
1108 3624 1238 3687 malacia

217 3729 253 3770 ac
285 3711 652 3790 tranquillitas‘exstitit,
686 3721 721 3772 ut
749 3731 782 3772 se
810 3731 848 3772 ex
874 3712 939 3775 loco
966 3731 1154 3774 commovere
1176 3731 1239 3773 non

174 3817 204 3856 so
217 3806 351 3875 possent.
389 3794 476 3865 Quae
498 3797 619 3875 quidem
642 3817 689 3858 res
713 3799 752 3859 ad
774 3799 925 3879 negotium
941 3800 1153 3861 conficiendum
1169 3818 1238 3860 ma-

217 3881 297 3943 xime
325 3882 382 3943 tuit
404 3893 590 3963 opportuua3
624 3903 696 3945 nam
723 3884 856 3964 singulas
878 3887 974 3947 nostri
996 3886 1161 3948 consectati
1183 3905 1238 3948 ex-

218 3978 442 4051 pugnaverunt,
465 3978 499 4031 ut
519 3990 689 4052 perpaucae
712 3989 749 4032 ex
771 3971 852 4034 omni
873 3992 997 4035 numero
1020 3973 1117 4035 noetis
1139 3973 1237 4036 inter-
