2616 4492
498 307 546 363 nn
572 307 847 363 unraeroutaue.
1144 294 1187 360 55

158 454 200 517 38
224 450 330 516 tricia
344 457 489 532 quattuor
513 452 780 522 anctumhabent,
804 451 834 513 A
851 451 906 524 13,
924 449 965 511 25
988 456 1185 511 00Lx1111

158 541 276 603 habuit.
322 539 443 600 Pariter
466 539 624 601 minuendo
650 539 721 611 148,
746 539 785 601 21
810 535 1023 599 duodecimam
1038 535 1193 596 exhibent·

160 628 224 689 edd.
272 624 372 688 Simili
400 626 509 686 damno
539 626 567 687 R
599 625 728 697 149,11
761 624 855 685 habet
882 643 958 682 xxx.
1002 620 1038 683 In
1063 622 1185 699 discep-

159 714 308 775 tationem
332 712 414 772 cadit
445 713 523 792 qnod
556 713 633 786 134,
660 713 698 775 12
730 720 801 773 ante
825 709 989 773 Goelerum
1012 727 1101 768 uerno
1125 725 1185 768 non

158 799 345 880 probaverat
366 798 481 859 tribua:
505 807 589 861 certa
612 807 714 860 autem
739 799 856 860 ratione
880 795 963 857 nisus
986 796 1033 855 eir·
1048 792 1186 874 egregius

160 886 277 948 duobus
310 886 479 964 nuperrime
514 886 679 965 proposuit.
735 883 824 955 Quod
858 884 976 963 quidem
1008 881 1187 961 pervincere

160 973 233 1034 nibil
258 972 318 1032 erit
339 972 466 1052 negotii,
491 989 557 1033 cum
581 981 611 1033 et
632 992 687 1051 per
709 992 741 1031 se
765 971 968 1032 deminutione
991 969 1077 1028 lacta
1099 976 1131 1028 et
1147 966 1186 1028 ad

158 1065 218 1122 tres
241 1057 427 1137 subsequens
451 1059 729 1121 accommodatione
753 1069 850 1119 ortum
875 1076 942 1117 esse
966 1055 1076 1134 possit.

220 1145 371 1207 Numeros
405 1144 534 1215 multos,
569 1164 643 1226 quos
678 1145 789 1206 litteris
822 1145 1007 1223 perscriptos
1035 1140 1188 1221 praebent

159 1232 224 1294 cdd.
249 1231 362 1303 nostri,
389 1232 459 1292 olim
483 1231 563 1292 notis
588 1234 686 1293 editos
709 1232 818 1304 luisse,
843 1231 921 1292 satis
946 1230 1000 1302 iis,
1026 1247 1102 1308 quae
1125 1228 1186 1288 iam

159 1319 255 1379 allata
278 1329 365 1389 sunt,
389 1318 570 1380 declaratur.
615 1318 684 1380 Non
709 1319 787 1379 enim
812 1319 872 1379 alio
899 1317 1002 1387 modo,
1028 1327 1061 1376 nt
1081 1333 1186 1374 exem·

159 1405 208 1484 plo
233 1415 317 1477 utar,
342 1403 406 1466 crta
427 1406 538 1465 iactum
563 1413 610 1466 est
633 1410 786 1486 quattuor.
833 1404 927 1465 Cuius
943 1403 1064 1483 generis
1080 1401 1185 1473 multa,

159 1511 236 1572 quae
268 1492 387 1572 quidem
424 1491 535 1552 litteris
564 1492 774 1553 diversissima
803 1501 892 1564 sunt,
924 1491 953 1551 in
976 1489 1030 1550 illa
1053 1488 1187 1549 breviter

159 1577 311 1639 scribendi
336 1579 452 1638 ratione
475 1577 563 1638 facile
588 1580 792 1640 mutabantur.
840 1576 979 1648 Quodsi
1004 1577 1063 1635 iam
1088 1577 1118 1636 in
1138 1574 1186 1652 ip·

159 1666 202 1726 sis
238 1666 369 1726 numeris
403 1664 614 1744 dignoscendis
646 1666 761 1738 evenit,
798 1667 893 1726 multo
929 1663 1025 1742 magis
1054 1662 1189 1722 incertae

157 1752 279 1812 luerunt
311 1750 532 1829 appellationes
567 1771 668 1812 eorum
698 1771 733 1812 ac
763 1751 1006 1812 terminationes.
1051 1748 1187 1810 Primum

158 1838 186 1898 id
212 1856 303 1914 saepe
327 1837 356 1898 in
382 1837 495 1899 incerto
531 1839 623 1898 luisse
658 1840 810 1909 ridemus,
843 1851 945 1899 ultrum
979 1833 1188 1915 perscribendi

157 1924 269 1985 luerint
293 1924 424 1992 nurueci,
449 1944 550 1985 necne.
596 1924 643 1986 Ne
666 1926 763 1985 dicam
788 1926 823 1984 de
849 1943 960 2002 magna
984 1923 1037 1983 illa
1062 1934 1091 1982 et
1115 1940 1186 1999 per-

158 2022 251 2089 petua
275 2011 427 2091 utriusque
452 2012 561 2072 classis
586 2011 613 2070 in
639 2009 696 2072 hac
719 2011 971 2082 rediversitate,
995 2010 1055 2070 iam
1073 2007 1187 2087 primae

158 2096 268 2157 classis
293 2097 370 2157 baud
395 2118 491 2175 parva
515 2110 561 2158 est
585 2099 728 2159 varietas.
774 2097 868 2159 Modo
898 2102 1045 2178 quattuor
1075 2095 1186 2155 scribi-

158 2192 207 2244 tur
230 2193 260 2243 et
282 2181 454 2255 duodecim,
486 2185 573 2244 modo
596 2198 649 2246 1111
672 2195 703 2244 et
725 2203 794 2256 xrr;
825 2186 938 2246 habent
969 2179 1020 2255 29,
1049 2182 1085 2242 15
1109 2180 1188 2242 duo-

157 2269 252 2341 dexx,
287 2267 345 2343 59,
371 2270 411 2330 37
440 2270 539 2332 dcccm
565 2277 593 2331 et
614 2276 693 2343 ocio,
731 2272 805 2342 149,
835 2273 875 2332 14
897 2292 920 2330 x
943 2272 972 2349 §r
994 2286 1074 2341 urrr‚·
1096 2269 1187 2328 iidem

164 2353 219 2429 75,
247 2356 285 2423 10
307 2376 362 2425 xc,
391 2357 460 2430 149,
487 2358 522 2419 11
548 2379 654 2431 xxxx,
682 2358 975 2441 142381111111111
991 2352 1090 2427 milio,
1116 2355 1187 2428 133,

162 2443 371 2514 34111151,
396 2443 448 2517 56,
475 2445 510 2506 ll
537 2443 580 2508 ji.
626 2445 779 2507 Interdum
804 2447 886 2507 inter
908 2446 992 2524 ipsos
1008 2444 1187 2522 discrepan-

113 2450 123 2675 Ι
158 2530 202 2589 tia
223 2540 286 2600 cst,
311 2541 342 2591 ut
369 2530 438 2601 147,
462 2532 482 2592 8
504 2532 616 2612 ccipinti
639 2532 679 2605 P,
703 2554 748 2592 xx
771 2533 816 2606 A,
849 2534 917 2606 135,
943 2532 983 2592 32
1005 2530 1189 2611 ociiupcnloe

158 2613 229 2687 PR,
253 2614 323 2676 dccc
346 2616 390 2687 A,
416 2617 486 2691 137,
511 2621 552 2679 40
575 2639 609 2678 xr
633 2623 664 2685 oi,
684 2621 726 2691 A,
751 2639 804 2680 xr.
830 2619 889 2682 PR
914 2620 1017 2680 littere
1038 2638 1071 2679 m
1094 2634 1187 2695 supra

113 2686 123 2885 Ι
159 2705 289 2781 scripta,
313 2702 407 2781 quod,
440 2704 470 2762 ni
493 2705 599 2778 lallor,
635 2707 786 2782 posterius
810 2708 926 2768 lactum
950 2714 1014 2779 est;
1049 2704 1191 2764 similiter

120 2874 123 2881 Ι
157 2789 218 2849 lere
245 2788 315 2862 117,
340 2787 390 2849 41.
435 2788 522 2850 Adeo
548 2790 751 2867 conrpluribus
784 2793 882 2854 ruodis
916 2790 1008 2853 milia
1042 2793 1188 2868 scriptum

160 2886 214 2935 est.
262 2874 308 2935 Ci.
333 2893 418 2955 pagg.
446 2875 611 2938 171154.
656 2875 738 2937 Male
773 2887 876 2939 autem
911 2877 1083 2958 perscripta
1117 2882 1188 2936 snut

157 2960 252 3025 decim
284 2961 309 3021 P
345 2959 400 3032 28,
435 2963 494 3034 31;
543 2963 599 3034 33,
634 2962 709 3043 piac
745 2962 802 3025 PR
845 2964 924 3039 140,
960 2966 1019 3035 23,
1065 2959 1190 3023 sescenti

157 3049 246 3127 vulgo
271 3046 367 3110 PRA.
413 3046 518 3128 Neque
541 3050 637 3129 manis
661 3050 805 3111 credibile
829 3061 877 3113 est
904 3053 1190 3113 Caesaremcontra

113 3142 116 3211 l
158 3155 242 3196 snam
277 3145 502 3215 ceterorumque
537 3137 783 3198 consuetudinem
819 3137 1051 3213 4,]711111111
1078 3155 1190 3197 uocem

157 3222 326 3298 scripsisse.
373 3224 632 3285 Terminationum
657 3234 757 3284 autem
781 3225 930 3288 falsarum
956 3223 1097 3301 exempla
1119 3231 1190 3283 sunt

156 3308 209 3382 46,
233 3306 252 3368 9
275 3308 437 3381 demonico,
461 3309 512 3382 88,
537 3312 578 3372 30
601 3307 725 3372 milium
748 3311 836 3374 PRA
860 3314 916 3389 (el.
941 3315 971 3383 2,
995 3310 1015 3372 8
1037 3308 1133 3371 rnilib.
1151 3309 1189 3381 T,

157 3396 210 3468 40,
233 3395 252 3456 5
273 3393 358 3457 mille
380 3396 434 3473 U).
481 3398 596 3459 Tamen
631 3398 790 3477 utrubique
828 3400 894 3460 alia
925 3401 983 3462 luit
1012 3396 1190 3459 mutationis

160 3501 269 3554 causa,
303 3484 429 3563 ideoque
451 3483 571 3565 istaec,
606 3486 665 3548 nisi
696 3485 758 3545 alia
781 3488 948 3560 accedant,
981 3504 1039 3546 non
1063 3483 1189 3544 multum

157 3570 263 3630 valent
294 3571 332 3631 ad
367 3569 502 3631 codicum
530 3573 619 3633 fidem
647 3572 824 3650 ubicumque
854 3574 890 3634 irn
912 3574 970 3635 hac
994 3591 1025 3632 re
1048 3570 1191 3649 ambigna

157 3657 298 3717 videatur
319 3656 549 3735 infringendam.

243 3741 376 3805 Nomina
399 3744 567 3806 numeralia
589 3744 788 3806 distributiva
810 3743 927 3804 litteris
950 3746 1013 3804 iere
1037 3743 1137 3804 omnia
1158 3742 1189 3801 in
1279 3792 1281 3796 .

157 3827 272 3888 nostris
296 3830 361 3889 cdd.
385 3838 514 3890 exarata
537 3841 615 3893 sunt.
660 3830 765 3910 Neque
788 3848 861 3888 vero
888 3831 998 3891 desunt
1027 3829 1102 3902 loci,
1137 3828 1188 3909 qui

156 3914 245 3975 fidem
267 3915 382 3977 iaciant
405 3917 475 3978 olim
500 3936 536 3976 ea
558 3917 665 3977 iisdem
690 3936 726 3977 ac
749 3917 923 3979 cardinalia
954 3918 1048 3996 signis
1073 3917 1099 3976 si
1128 3935 1188 3977 non

157 4018 294 4080 semper„
328 4009 371 4071 at,
388 4002 537 4075 interdum
567 4003 682 4083 scripta
703 4003 812 4072 luisse.
852 4002 891 4067 In
915 4011 1004 4069 tauto
1027 4004 1107 4073 enim
1128 4022 1193 4072 nu·-
