2616 4492
442 279 511 327 nns.
527 279 590 325 vn.
613 278 690 327 cnr.
707 261 843 327 77-81.
1094 262 1156 324 143

132 421 274 483 citantur.
318 419 426 500 Itaque
447 419 601 500 productis
623 418 717 498 copiis
739 426 811 480 ante
833 416 976 497 oppidum
998 415 1157 479 considunt

133 516 164 568 et
197 505 365 586 proximam
392 507 507 567 fossam
535 504 669 567 cratibus
696 505 835 586 integunt
857 513 948 583 atque
970 523 1078 584 aggere
1100 522 1155 565 ex-

132 593 218 673 plent
240 612 332 672 seque
355 593 395 654 ad
417 592 602 671 eruptionem
624 601 714 672 atque
737 611 840 653 omnes
864 610 953 652 casus
970 597 1155 669 comparant

198 678 313 740 Caesar
336 679 417 739 omni
440 678 570 740 exercitu
592 679 632 741 ad
653 687 810 756 utramque
825 686 942 757 partem
958 676 1200 738 munitionumao

133 765 297 845 disposito,
320 773 368 837 ut,
392 765 419 826 si
440 784 513 825 usus
535 764 653 837 veniat,
676 764 763 826 souin
786 764 911 844 quisque
933 763 1031 824 locum
1053 770 1184 828 teneato

132 862 165 914 et
186 851 317 924 noverit,
342 851 507 930 equitatum
530 870 568 913 ex
582 851 690 912 castris
706 851 789 912 educi
805 860 836 911 et
850 850 995 930 proelium
1011 848 1157 911 committi

132 939 225 1000 iubet
269 937 347 998 Erat
375 957 413 999 ex
439 937 577 999 omnibus
606 938 727 1010 castris,
756 957 832 1017 quae
854 956 1002 997 summum
1025 936 1157 1016 undique

132 1025 234 1105 iugum
256 1025 415 1097 tenebant,
450 1025 626 1104 despectus,
661 1034 752 1104 atque
781 1043 885 1086 omnes
913 1023 1023 1084 milites
1048 1022 1158 1084 intenti

132 1129 252 1192 pugnae
279 1120 458 1190 proventum
487 1111 712 1190 exspectabant.
757 1109 839 1171 Galli
863 1110 945 1171 inter
966 1110 1081 1189 equites
1103 1129 1157 1171 ra-

133 1217 184 1259 ros
206 1197 380 1278 sagittarios
403 1197 618 1277 expeditosque
640 1197 716 1258 levis
740 1206 912 1258 armaturae
931 1196 1155 1268 interimerunt,
1176 1215 1200 1254 ιο

133 1284 184 1364 qui
206 1283 268 1345 suis
291 1284 465 1345 cedentibus
487 1284 599 1345 auxilio
616 1293 822 1345 succurrerent
837 1291 868 1344 et
882 1290 1053 1344 nostrorum
1070 1282 1156 1362 equi-

132 1380 197 1430 tum
220 1370 348 1449 impetus
371 1370 564 1432 sustinerent.
598 1369 649 1439 Ab
672 1370 720 1431 his
743 1368 910 1448 complures
934 1370 970 1429 de
992 1368 1156 1448 improviso

132 1456 283 1517 vulnerati
309 1456 422 1535 proelio
451 1457 646 1518 excedebant.
691 1456 767 1516 Cum
795 1475 867 1517 suos
894 1474 996 1535 pugna
1019 1454 1156 1535 superio-

132 1562 182 1604 res
215 1561 282 1603 esse
316 1541 398 1604 Galli
431 1543 617 1604 confiderent
644 1551 675 1603 et
702 1551 822 1603 nostros
850 1541 1040 1603 multitudine
1061 1539 1157 1620 premi

132 1629 285 1702 viderent,
320 1648 358 1689 ex
391 1629 529 1689 omnibus
563 1629 700 1708 partibus
718 1637 765 1689 ·et
791 1628 828 1702 ii,
863 1628 913 1708 qui
940 1627 1156 1689 munitionibus
1176 1648 1201 1686 rr

132 1714 373 1787 continebantur,
403 1722 434 1775 et
459 1714 496 1786 ii,
531 1715 580 1793 qui
608 1715 648 1775 ad
674 1713 818 1774 auxilium
841 1722 1057 1786 convenerant,
1092 1713 1156 1774 cla-

132 1819 216 1861 more
249 1809 280 1860 et
306 1800 424 1861 ululatu
452 1819 573 1861 suorum
603 1800 719 1861 animos
741 1800 968 1861 confirmabant.
1013 1797 1103 1868 Quod
1124 1799 1157 1860 in

134 1895 295 1965 conspectu
323 1887 455 1947 omnium
477 1905 526 1947 res
549 1887 709 1965 gerebatur
730 1905 827 1965 neque
849 1895 929 1947 recte
952 1894 1006 1946 aut
1027 1885 1157 1964 turpiter

132 1975 246 2035 lactum
273 1971 365 2034 celari
391 1980 514 2051 poterat
539 1981 683 2052 utrosque
711 1981 742 2033 et
768 1972 866 2043 laudis
888 1972 1036 2051 cupiditas
1060 1981 1092 2032 et
1111 1971 1155 2032 ti-

134 2079 200 2121 mor
231 2059 413 2139 ignominiae
446 2052 488 2120 ad
513 2059 656 2121 virtutem
684 2059 843 2119 excitabat.
893 2058 970 2120 Cum
991 2077 1011 2118 a
1034 2056 1199 2120 meridiem

132 2165 226 2226 prope
254 2147 305 2218 ad¹
321 2145 395 2207 solis
422 2165 561 2207 occasum
584 2144 676 2206 dubia
696 2145 825 2206 victoria
845 2153 1039 2225 pugnaretur,
1074 2143 1154 2206 Ger-

133 2233 215 2293 mani
246 2252 308 2294 una
340 2232 371 2293 in
403 2240 490 2312 parte
517 2231 658 2294 confertis
685 2231 794 2293 turmis
821 2231 853 2292 in
880 2232 983 2293 hostes
1011 2231 1156 2311 impetum

132 2319 263 2380 iecerunt
296 2337 406 2398 eosque
439 2319 650 2399 propulerunt;
684 2318 792 2398 quibus
825 2318 857 2379 in
883 2319 985 2398 fugam
1013 2317 1155 2379 coniectis

133 2405 282 2485 sagittarii
304 2405 499 2468 circumventi
520 2405 728 2484 interfectique
752 2412 831 2466 sunt.
875 2404 954 2467 Item
977 2424 1015 2466 ex
1031 2403 1155 2484 reliquis

132 2491 270 2570 partibus
294 2492 391 2555 nostri
413 2493 554 2555 cedentes
576 2511 672 2571 usque
693 2491 726 2552 in
747 2500 850 2553 castra
864 2491 991 2553 insecuti
1006 2491 1053 2552 sui
1068 2489 1155 2552 colli·
1169 2516 1198 2554 aa

133 2578 221 2657 gendi
252 2577 426 2640 facultatem
459 2599 519 2640 non
552 2579 708 2639 dederunt.
757 2576 804 2639 At
830 2578 866 2650 ii,
902 2578 953 2658 qui
981 2579 1019 2638 ab
1046 2576 1156 2639 Alesia

132 2673 357 2743 processerant,
381 2666 490 2727 maesti
511 2684 605 2744 prope
627 2664 756 2726 victoria
778 2665 942 2744 desperata
964 2683 998 2724 se
1019 2663 1050 2724 in
1066 2662 1155 2743 oppi-

133 2751 205 2810 dum
227 2757 410 2829 receperunt.

198 2835 266 2895 Uno
289 2835 337 2895 die
359 2835 531 2896 intermisso
554 2833 638 2901 Galli
659 2845 749 2916 atque
771 2837 828 2898 hoc
848 2835 947 2915 spatio
963 2855 1072 2915 magno
1087 2837 1197 2896 cra-81

133 2920 224 2992 tium,
253 2919 416 2992 scalarum,
444 2921 651 2999 harpagonum
673 2941 797 2983 numero
820 2922 923 2983 effecto
946 2923 1046 2982 media
1068 2929 1156 2982 nocte
1169 2942 1199 2978 ro

133 3005 253 3067 silentio
277 3024 315 3067 ex
336 3005 444 3067 castris
468 3006 581 3084 egressi
603 3007 643 3068 ad
665 3019 848 3087 campestres
871 3008 1052 3069 munitiones
1067 3026 1154 3068 acce-

133 3095 217 3154 dunt.
263 3090 370 3153 Subito
396 3091 525 3151 clamore
553 3091 688 3167 sublato,
721 3113 782 3173 qua
809 3093 1028 3172 significatione
1051 3093 1157 3172 quiin

133 3178 243 3258 oppido
277 3177 493 3238 obsidebantur
521 3177 558 3241 de
580 3197 635 3238 suo
657 3180 791 3240 adventu
814 3198 991 3259 cognoscere
1013 3187 1154 3258 possent,

133 3274 232 3326 crates
265 3263 423 3344 prolicere,
456 3263 574 3335 fundis,
608 3264 744 3344 sagittis,
778 3265 929 3344 lapidibus
963 3273 1084 3326 nostros
1119 3265 1156 3324 de

133 3351 215 3412 vallo
237 3351 414 3430 proturbare
437 3350 625 3430 reliquaque,
649 3370 726 3430 quae
749 3352 789 3412 ad
811 3351 1064 3432 oppugnationem
1084 3368 1155 3429 per·
1171 3362 1200 3401 ⁸³

133 3438 246 3509 tinent,
285 3444 396 3516 parant
428 3436 649 3498 administrare.
710 3437 824 3498 Eodem
858 3447 993 3517 tempore
1025 3436 1156 3498 clamore

133 3524 274 3585 exaudito
297 3525 351 3585 dat
373 3524 448 3585 tuba
471 3523 588 3604 signum
611 3523 674 3584 suis
696 3524 925 3604 Vercingetorix
940 3531 1030 3602 atque
1046 3541 1083 3584 ex
1098 3541 1154 3602 op-

133 3609 203 3690 pido
226 3610 333 3671 educit.
383 3609 504 3685 Nostri,
540 3610 742 3690 superioribus
770 3610 876 3671 diebus
903 3619 939 3670 ut
961 3609 1066 3689 cuique
1089 3617 1155 3670 erat

133 3697 217 3758 locus
240 3697 420 3770 attributum
449 3696 691 3759 admonitiones
715 3698 875 3769 accedunt3
904 3696 1020 3769 fundis,
1044 3695 1153 3757 librili-

133 3783 190 3843 bus
213 3783 410 3863 sudibusque,
434 3783 563 3864 quasin
586 3803 673 3863 opere
687 3783 914 3863 disposuerant,
939 3781 1045 3843 Gallos
1061 3801 1154 3862 gran·
1170 3795 1199 3835 ⁴⁰

133 3869 221 3930 dibus
243 3878 421 3949 proterrent
447 3871 614 3950 Prospectu
629 3871 761 3932 tenebris
776 3871 918 3949 adempto
933 3869 1029 3932 multa
1043 3869 1153 3931 utrim-

134 3974 192 4035 que
224 3955 351 4019 vulnera
374 3956 570 4035 accipiuntur.
615 3955 779 4036 Complura
806 3955 962 4019 tormentis
989 3956 1052 4019 tela
1079 3975 1154 4018 con-
