2616 4492
210 276 250 338 10
530 290 578 338 nn
600 289 717 338 nunno
740 289 896 338 canarno

207 425 308 490 nervis
331 444 391 487 non
412 423 510 490 solum
531 427 572 509 ad
592 429 783 494 minuendam
807 427 950 510 gratiam,
984 427 1039 490 sed
1064 444 1163 508 paene
1184 427 1227 488 ad

206 512 366 595 perniciem
394 533 480 575 suam
507 521 649 578 uteretur.
694 514 768 578 Sese
790 524 893 576 tamen
915 523 946 576 et
967 533 1069 576 amore
1089 514 1225 575 fraterno

207 609 238 663 et
270 599 490 660 existimatione
522 601 605 681 vulgi
636 601 823 663 commoveri.
867 597 957 669 Quod
990 600 1016 662 si
1049 600 1120 680 quid
1148 599 1177 660 ei
1204 618 1226 661 a

206 685 340 748 Caesare
362 686 484 765 gravius
507 687 678 760 accidisset,
701 707 767 750 cum
789 687 855 767 ipse
877 706 945 748 enm
960 687 1056 749 locum
1072 685 1225 748 amicitiae

176 773 288 852 capud
315 791 381 832 enm
408 780 539 846 teneret,
569 773 716 835 neminem
740 773 979 835 existimaturum
1001 793 1060 834 non
1083 791 1140 833 sna
1161 791 1222 832 vo-

206 857 324 919 luntate
351 858 478 931 iactum3
511 878 573 938 qna
605 879 642 920 ex
674 879 707 920 re
733 861 880 934 futurum,
914 860 959 921 uti
985 859 1077 921 totins
1101 857 1224 920 Galliae

207 943 301 1006 auimi
323 963 343 1004 a
365 962 398 1004 se
421 952 636 1008 averterentur.
680 947 765 1008 Haec
786 965 851 1008 cum
873 946 1009 1025 pluribus
1028 944 1129 1006 verbis
1144 945 1223 1006 fleus

207 1050 228 1092 a
249 1029 379 1092 Caesare
400 1039 531 1109 peteret,
560 1030 676 1093 Caesar
698 1033 760 1094 eius
783 1034 919 1094 dextram
941 1031 1077 1112 prendit;
1111 1049 1223 1092 conso-

206 1116 289 1178 latus
311 1124 412 1196 rogat‚
435 1117 525 1178 finem
548 1118 653 1180 orandi
674 1119 780 1192 iaciat3
808 1118 885 1179 tanti
908 1118 970 1179 eius
993 1119 1073 1197 apud
1095 1136 1128 1178 se
1150 1136 1225 1197 gra-

163 1202 281 1264 retiam
314 1221 380 1262 esse
408 1203 553 1279 ostendit,
586 1205 632 1265 uti
659 1214 689 1265 et
716 1204 907 1284 reipublicae.
921 1204 1059 1267 iniuriam
1082 1212 1112 1264 et
1134 1223 1224 1264 suum

207 1288 340 1351 dolorem
362 1288 426 1349 eius
448 1289 598 1353 voluntati
621 1310 656 1352 ac
670 1291 808 1370 precibus
823 1292 978 1352 condonet.
1005 1289 1224 1368 Dumnorigem

206 1375 245 1436 ad
273 1395 306 1436 se
333 1383 438 1447 vocat,
471 1377 595 1438 fratrem
623 1378 761 1451 adhibet3
795 1377 925 1456 quaein
949 1395 983 1438 eo
1005 1375 1222 1456 reprehendat,

205 1461 353 1536 ostendit,
377 1481 453 1541 quae
474 1461 540 1542 ipse
560 1462 728 1543 intellegat,
752 1482 828 1544 qnae
850 1463 957 1524 civitas
973 1470 1124 1543 queratur,
1146 1480 1223 1540 pro-

203 1548 305 1628 ponit;
339 1556 456 1621 monet,
489 1557 524 1609 ut
549 1548 580 1610 in
602 1549 748 1629 reliquum
770 1558 888 1629 tempus
911 1568 1013 1609 omnes
1037 1547 1223 1627 suspiciones

161 1655 189 1695 rc
203 1633 296 1708 vitet3
318 1634 485 1713 praeterita
506 1655 539 1696 se
554 1634 705 1697 Divitiaco
720 1636 806 1697 fratri
821 1637 989 1698 condonare
1004 1635 1084 1696 dicit.
1119 1633 1222 1696 Dum-

203 1720 299 1800 norigi
320 1722 459 1782 custodes
486 1720 586 1801 pouit,
620 1731 668 1794 ut,
696 1741 774 1803 quae
796 1731 882 1802 agat,
916 1721 1088 1803 quibuscum
1110 1719 1223 1801 loqua-

203 1815 263 1881 tur,
287 1806 361 1867 scire
382 1807 489 1887 possit.

161 1895 194 1945 21
267 1893 383 1954 Eodem
407 1892 454 1953 die
477 1893 515 1953 ab
538 1891 779 1972 exploratoribus
801 1891 910 1954 certior
929 1892 1026 1953 factus
1047 1890 1151 1952 hostes
1163 1891 1221 1953 sub

203 1987 305 2041 monte
337 1977 509 2039 consedisse
535 1979 619 2039 milia
644 1999 789 2059 passuum
817 1979 856 2040 ab
882 1978 977 2059 ipsius
1005 1976 1113 2039 castris
1136 1986 1221 2053 octo,

159 2064 302 2145 aequalis
325 2073 406 2125 esset
427 2073 537 2126 natura
558 2066 669 2127 montis
692 2076 722 2127 et
744 2065 840 2147 qualis
861 2065 893 2126 in
914 2064 1037 2127 circuitu
1059 2082 1220 2140 ascensus,

204 2151 255 2230 qni
283 2159 511 2230 cognoscerent,
545 2151 636 2212 misit.
685 2151 903 2214 Renuntiatum
931 2161 979 2212 est
999 2150 1118 2212 facilem
1142 2169 1220 2212 esse.

202 2235 250 2298 De
273 2237 363 2297 tertia
384 2236 487 2316 vigilia
507 2237 543 2298 T.
558 2237 740 2310 Labienum,
764 2237 895 2319 legatum
909 2257 964 2317 pro
979 2245 1129 2317 praetore,
1152 2255 1221 2299 cum

203 2322 320 2384 duabus
353 2322 518 2403 legionibus
552 2332 582 2384 et
607 2323 645 2385 iis
673 2325 812 2397 ducibus,
846 2323 895 2404 qui
921 2324 979 2385 iter
1000 2332 1219 2403 cognoverant,

202 2427 350 2470 summum
371 2409 471 2489 iugum
494 2409 605 2470 montis
628 2412 790 2472 ascendere
811 2410 910 2484 iubet;
940 2409 1011 2491 quid
1033 2410 1080 2470 sni
1101 2409 1220 2470 consilii

158 2516 186 2555 aa
202 2495 259 2569 sit,
288 2495 428 2556 ostendit.
472 2495 542 2575 Ipse
565 2497 602 2557 de
624 2506 733 2576 quarta
754 2496 857 2577 vigilia
879 2497 982 2557 eodem
1004 2495 1125 2568 itinere,
1159 2514 1219 2576 quo

200 2580 305 2642 hostes
327 2580 440 2654 ierant,
463 2582 503 2642 ad
525 2601 576 2642 eos
599 2583 752 2644 contendit
773 2583 996 2662 equitatumque
1012 2601 1130 2643 omnem
1146 2590 1219 2643 ante

201 2687 235 2728 se
267 2667 370 2728 mittit.
418 2666 453 2729 P.
477 2667 653 2742 Considius,
688 2669 738 2748 qui
770 2669 814 2730 rei
846 2669 985 2729 militaris
1017 2667 1219 2747 peritissimus

199 2752 368 2814 habebatur
390 2763 421 2814 et
441 2754 473 2814 in
495 2755 626 2816 exercitu
647 2754 683 2815 L.
700 2754 802 2817 Sullae
825 2763 855 2816 et
876 2763 984 2834 postea
1002 2753 1034 2815 in
1053 2754 1096 2814 Μ.
1113 2753 1219 2815 Crassi

157 2840 313 2914 22fuerat,
337 2859 404 2900 cum
425 2840 666 2919 exploratoribus
688 2841 901 2920 praemittitur.
934 2840 1037 2901 Prima
1051 2840 1125 2914 lucc,
1150 2858 1219 2901 cum

156 2947 187 2987 ao
200 2945 334 2988 summus
356 2945 441 2986 mons
470 2945 489 2987 a
517 2927 553 2987 Τ.
573 2926 708 2988 Labieno
737 2936 897 3002 teneretur,
925 2926 991 3007 ipse
1018 2926 1057 2987 ab
1084 2924 1217 2987 hostium

199 3013 306 3074 castris
335 3031 395 3073 non
422 3012 539 3093 longius
567 3013 648 3074 mille
671 3022 702 3074 et
723 3013 892 3094 quingentis
914 3012 1056 3093 passibus
1078 3012 1216 3084 abesset,

198 3118 309 3181 neque,
332 3108 366 3160 ut
387 3108 496 3178 postea
518 3119 555 3160 ex
576 3100 704 3180 captivis
726 3101 885 3179 comperit,
910 3108 962 3161 aut
984 3098 1078 3178 ipsius
1099 3098 1217 3159 adven-

198 3193 248 3247 tus
276 3195 329 3247 aut
355 3185 485 3249 Labieni
507 3186 642 3266 cognitus
666 3196 760 3262 esset,
796 3185 955 3248 Considius
984 3203 1059 3265 equo
1082 3183 1216 3245 admisso

197 3272 238 3334 ad
265 3291 331 3334 eum
360 3272 501 3345 accurrit,
537 3273 609 3334 dicit
635 3284 783 3346 montem,
817 3292 905 3352 quem
927 3291 947 3332 a
967 3270 1104 3332 Labieno
1128 3289 1217 3330 occu-

154 3379 182 3418 es
195 3358 263 3438 pari
284 3358 429 3431 voluerit,
458 3359 497 3420 ab
519 3359 655 3423 hostibus
678 3360 787 3422 teneri:
817 3359 847 3420 id
876 3378 908 3419 se
930 3377 950 3418 a
972 3356 1098 3419 Gallicis
1122 3356 1215 3417 armis

196 3452 288 3524 atque
310 3445 476 3525 insignibus
499 3447 683 3525 cognovisse.
718 3445 833 3507 Caesar
855 3464 925 3506 suas
948 3443 1050 3523 copias
1065 3442 1096 3505 iu
1110 3442 1216 3522 proxi-

195 3549 277 3592 mum
299 3532 404 3593 collem
427 3532 580 3606 subducit,
610 3532 703 3594 aciem
726 3530 854 3592 instruit.
898 3531 1066 3604 Labienus,
1093 3538 1128 3590 ut
1150 3538 1217 3590 erat

196 3615 224 3678 ei
245 3627 436 3698 praeceptum
459 3638 478 3680 a
501 3617 647 3690 Caesare,
681 3636 719 3678 ne
746 3616 891 3696 proelium
914 3616 1127 3690 committeret,
1156 3614 1216 3676 nisi

195 3702 291 3782 ipsius
313 3705 415 3784 copiae
436 3724 530 3784 prope
552 3704 683 3766 bostium
706 3712 807 3764 castra
828 3703 914 3765 visae
937 3711 1051 3776 esseut,
1074 3701 1215 3763 utundi-

152 3811 182 3851 ro
196 3808 253 3870 que
281 3809 340 3851 uno
368 3799 501 3870 tempore
528 3791 560 3851 in
587 3791 690 3851 hostes
712 3790 841 3870 impetus
864 3791 962 3862 fieret,
996 3797 1096 3850 monte
1125 3807 1214 3848 occu-

195 3884 268 3958 pato
303 3884 423 3938 nostros
456 3877 653 3957 exspectabat
684 3876 856 3957 proelioque
883 3877 1065 3939 abstinebat.
1115 3874 1215 3936 Multo

196 3962 323 4044 deniqne
350 3963 398 4025 die
423 3983 477 4044 per
503 3965 710 4044 exploratores
733 3964 848 4027 Caesar
869 3965 1008 4045 coguovit
1030 3971 1059 4024 et
1081 3971 1214 4023 montem
