2616 4492
411 296 482 342 nrn.
497 295 548 343 111.
571 295 648 342 car.
663 278 758 343 4—9.
1049 279 1093 343 43

137 433 195 496 His
217 434 310 496 rebus
329 433 423 513 gestis
445 453 512 495 cum
534 434 673 496 omnibns
696 434 733 497 de
754 433 853 496 causis
869 433 984 495 Caesar
997 437 1120 512 paca-7

73 531 135 582 tam
160 519 293 581 Galliam
315 520 516 593 existimaret,
544 521 694 600 superatis
716 520 833 599 Belgis,
857 518 990 598 expulsis
1013 519 1094 582 Ger-

73 607 188 680 manis,
216 606 305 667 victis
328 606 358 666 in
380 605 513 686 Alpibus
536 606 681 680 Sedunis',
716 616 806 686 atque
834 607 880 668 ita
899 605 976 667 inita
997 607 1095 668 hieme

73 695 106 755 in
138 693 290 774 Illyricum
322 694 475 772 profectus
503 703 599 768 esset,
633 694 713 773 quod
741 713 793 754 eas
816 712 933 772 quoqne
955 693 1095 754 nationes

75 780 159 841 adire
188 788 218 839 et
245 779 379 858 regiones
408 798 585 858 cognoscere
606 780 744 853 volebat,
774 780 906 840 subitum
929 778 1039 840 bellum
1062 779 1123 840 ina

76 866 179 927 Gallia
201 876 334 925 coortum
359 874 414 925 est.
458 866 533 927 Eius
556 866 627 927 belli
649 866 725 927 haec
745 865 803 926 fuit
825 885 925 927 causa.
956 865 1095 931 ‚Publius

75 953 206 1013 Crassus
241 952 416 1012 adolescens
450 972 515 1013 cum
544 953 659 1032 legione
688 952 816 1031 septima
838 953 991 1030 proximus
1013 970 1097 1013 mare

76 1038 232 1100 Oceanum
264 1037 296 1098 in
328 1037 468 1099 Andibus
502 1038 660 1100 hiemaret.
704 1038 751 1113 11,
786 1040 866 1117 quod
894 1039 925 1099 in
951 1038 999 1099 his
1022 1037 1096 1100 locis

74 1125 178 1204 inopia
198 1124 341 1185 frumenti
364 1133 442 1198 erat,
467 1126 635 1203 praefectos
658 1125 853 1205 tribunosque
870 1124 999 1185 militum
1015 1143 1097 1187 com-

74 1211 177 1291 plures
209 1211 241 1270 11
268 1210 411 1271 finitimas
434 1211 574 1271 civitates
596 1212 737 1272 frumenti
760 1231 853 1272 causa
875 1211 1003 1284 dimisit;
1038 1229 1096 1290 qno
1111 1232 1140 1271 ro

75 1298 106 1358 in
129 1317 252 1358 numero
276 1307 323 1357 est
346 1297 435 1358 Titus
459 1298 648 1359 Terrasidius
665 1299 776 1359 missus
792 1298 821 1358 in
837 1297 984 1371 Esuvios,
1008 1297 1096 1358 Mar-

76 1403 128 1445 cus
152 1383 280 1444 Trebius
303 1382 412 1444 Gallus
435 1384 467 1444 in
482 1384 698 1458 Coriosolitas,
722 1381 855 1452 Quintus
871 1383 1098 1444 Velaniuscum

77 1470 147 1531 Tito
172 1469 246 1532 Silio
268 1469 300 1530 in
321 1471 476 1535 Venetos„
511 1470 609 1531 Huius
637 1480 684 1531 est
706 1470 838 1531 civitatis
861 1469 947 1548 longe
970 1468 1125 1547 amplis-8

78 1557 157 1617 sima
184 1556 350 1617 auctoritas
379 1556 475 1616 omnis
509 1575 580 1617 orae
608 1557 776 1617 maritimae
804 1555 955 1634 regionum
980 1573 1097 1629 aarum,

78 1644 159 1721 quod
192 1653 223 1702 et
255 1661 350 1702 naves
373 1642 488 1702 habent
508 1641 620 1702 Veneti
642 1641 803 1721 plurimas,
838 1642 947 1721 quibus
974 1640 1004 1700 in
1027 1639 1098 1702 Bri·
1113 1662 1141 1700 rs

77 1729 212 1789 tanniam
235 1727 379 1807 navigare
402 1736 597 1800 consuerunt,
622 1737 652 1787 et
674 1727 799 1788 scientia
815 1736 906 1806 atque
922 1747 979 1787 usu
994 1727 1098 1788 nauti-

77 1834 178 1875 carum
202 1832 300 1875 rerum
322 1813 453 1892 reliquos
476 1815 656 1873 antecedunt
678 1821 707 1873 et
728 1813 760 1873 in
783 1832 890 1892 magno
905 1812 1019 1891 impetu
1032 1833 1098 1874 ma·

79 1900 122 1962 ris
156 1909 247 1979 atque
270 1895 376 1978 aperto
398 1899 501 1977 paucis
524 1899 660 1978 portibus
682 1899 858 1973 interiectis,
893 1918 967 1978 quos
996 1906 1100 1961 tenent

79 1986 154 2065 ipsi,
179 2004 281 2046 omnes
303 1986 381 2060 fere,
405 1985 458 2064 qui
479 2005 512 2045 eo
528 1985 605 2047 mari
620 1985 666 2046 uti
680 1994 877 2059 consuerunt,
900 1985 1014 2046 habent
1029 2005 1100 2047 vec-

79 2072 197 2152 tigales.
241 2070 292 2132 Ab
320 2071 367 2134 his
391 2072 426 2131 fit
446 2070 562 2132 initium
586 2071 735 2132 retinendi
758 2070 825 2133 Silii
848 2082 938 2151 atque
960 2072 1099 2148 Velanii,
1114 2093 1144 2133 ao

81 2159 161 2238 quod
193 2177 247 2237 per
280 2177 331 2222 eos
366 2176 436 2218 suos
465 2177 498 2217 se
526 2158 662 2231 obsides,
697 2177 771 2237 quos
795 2157 906 2218 Crasso
930 2159 1099 2234 dedissent,

80 2245 300 2323 reciperaturos
336 2244 558 2308 existimabant.
619 2245 736 2305 Horum
770 2245 948 2305 auctoritate
982 2245 1101 2307 finitimi

80 2330 215 2404 adducti,
249 2341 284 2391 ut
311 2340 382 2391 sunt
410 2329 566 2391 Gallorum
595 2331 696 2391 subita
723 2339 754 2391 et
779 2331 936 2410 repentina
958 2332 1099 2408 consilia,

81 2419 186 2478 eadem
215 2418 251 2477 de
275 2435 367 2478 causa
389 2417 528 2478 Trebium
554 2417 819 2497 Terrasidiumque
843 2417 973 2478 retinent
996 2427 1027 2479 et
1048 2437 1100 2479 ce-

80 2504 183 2565 leriter
205 2503 304 2564 missis
328 2503 435 2582 legatis
459 2523 512 2582 per
535 2523 606 2563 suos
629 2504 777 2581 principes
792 2504 870 2565 inter
885 2524 918 2564 se
935 2504 1100 2576 coniurant,
1115 2524 1143 2565 ao

81 2590 154 2651 nihil
177 2590 235 2650 nisi
257 2589 405 2650 communi
427 2589 550 2650 consilio
574 2599 693 2650 acturos
718 2592 903 2668 eundemque
925 2590 1101 2651 1111111111-

81 2686 172 2737 tunae
200 2676 313 2737 exitum
342 2695 409 2736 esse
436 2677 568 2749 laturos,
603 2676 794 2755 reliquasque
821 2675 959 2736 civitates
988 2677 1101 2739 sollici·

81 2772 163 2837 tant,
198 2772 233 2822 ut
259 2762 290 2822 in
319 2781 354 2822 ea
382 2761 539 2834 libertate,
573 2781 664 2840 quam
693 2781 711 2822 a
734 2762 902 2833 maioribus·
918 2763 1100 2841 acceperint,

82 2867 255 2928 permanere
278 2866 367 2925 quam
388 2847 595 2908 Romanorum
618 2848 794 2909 servitutem
816 2850 947 2927 perferre
968 2849 1102 2911 mallent

83 2935 174 2996 Omni
207 2954 261 2994 ora
293 2933 445 2993 maritima
478 2933 613 2995 celeriter
641 2934 678 2994 ad
710 2953 795 2994 suam
824 2934 1003 2996 sententiam
1032 2955 1103 3014 per·
1116 2956 1146 2994 ao

83 3023 173 3082 ducta
195 3038 382 3080 courmunem
406 3018 586 3098 legationem
614 3021 653 3080 ad
681 3019 717 3082 P.
741 3019 884 3081 Crassum
908 3020 1047 3082 mittunt:
1076 3022 1102 3084 si

82 3107 156 3169 velit
179 3126 249 3168 suos
272 3105 416 3184 recipere,
441 3105 561 3166 obsides
585 3104 643 3166 sibi
665 3106 808 3167 remittat.

148 3191 266 3262 Quibus
300 3193 337 3252 de
371 3192 459 3251 rebus
494 3190 608 3251 Cacsar
641 3192 680 3251 ab
714 3191 826 3254 Crasso
855 3191 962 3253 cert-ior
988 3192 1128 3267 factus,9

85 3282 163 3360 quod
186 3281 250 3358 ipse
273 3279 380 3340 aberat
403 3277 534 3358 longius,
563 3296 657 3337 naves
679 3277 798 3338 interim
821 3277 927 3357 longas
951 3278 1103 3341 aedificari

84 3369 116 3429 in
137 3367 258 3427 flumine
279 3365 401 3445 Irigere,
436 3365 515 3443 quod
541 3363 640 3424 influit
666 3363 698 3422 in
722 3363 891 3435 Oceanum,
918 3362 1043 3443 remiges
1067 3384 1146 3427 enas

85 3453 240 3533 provincia
266 3451 398 3525 institui,
427 3460 537 3511 nautas
566 3451 839 3530 gubernatoresque
866 3449 1032 3526 comparari
1054 3451 1102 3513 in-

85 3542 145 3602 bet.
190 3539 247 3600 His
271 3540 360 3599 rebus
382 3537 517 3599 celeriter
540 3536 758 3597 administratis
781 3536 860 3614 ipse,
889 3555 953 3596 cum
976 3535 1103 3614 primum

84 3648 138 3707 per
161 3625 232 3686 anni
255 3635 372 3703 tempus
395 3624 507 3702 potuit,
531 3624 569 3683 ad
593 3622 754 3683 exercitum
777 3622 938 3682 contendit.

149 3711 260 3773 Veneti
282 3711 472 3790 reliquaeque
494 3709 566 3771 item
588 3709 727 3770 civitates
750 3709 866 3788 cognito
890 3707 1030 3768 Caesaris
1046 3709 1103 3770 ad-

86 3808 195 3870 ventu,
219 3797 307 3858 simul
323 3798 416 3876 quod,
441 3796 632 3876 quantumin
648 3816 680 3856 11
694 3796 810 3856 facinus
823 3794 1030 3868 admisissent,
1053 3793 1104 3856 in·
1118 3820 1148 3858 ro

86 3886 283 3965 tellegebant,
307 3883 437 3963 legatos,
461 3884 541 3963 quod
564 3901 672 3943 nomen
688 3884 727 3943 ad
745 3901 847 3942 omnes
862 3881 997 3942 nationes
1013 3901 1104 3942 sanc-

87 3983 150 4035 tum
179 3969 414 4050 inviolatumque
442 3988 561 4048 semper
587 3969 708 4041 fuisset,
742 3976 877 4031 retentos
904 3969 943 4029 ab
965 3987 999 4029 se
1021 3976 1052 4029 et
1072 3967 1105 4029 in
