2616 4492
209 267 254 333 24
339 334 342 338 ,
538 283 588 331 nn
609 282 727 330 nunno
751 281 905 330 asiarco

206 423 312 496 batur,
334 429 366 484 et
387 422 468 501 quod
489 421 521 483 in
543 441 577 483 eo
599 422 740 501 peccandi
762 421 923 483 Germanis
945 438 1039 482 causa
1060 439 1121 481 non
1137 427 1236 494 esset,

215 509 255 571 ad
277 527 345 569 eum
365 508 501 582 mittere,
531 516 562 569 et
582 509 720 570 Marcum
742 509 884 581 Metium,
913 507 965 586 qui
986 505 1117 586 hospitio
1139 505 1236 567 Ario-

213 595 287 671 visti
308 593 458 655 utebatur.
501 594 560 656 His
582 595 754 669 mandavit,
777 604 811 656 ut
833 613 912 674 quae
933 593 1044 654 diceret
1058 592 1235 653 Ariovistus

214 689 430 762 cognoscerent
461 689 492 742 et
524 682 564 742 ad
592 701 625 742 se
651 683 803 742 referrent.
848 677 934 749 Quos
957 698 1022 741 cum
1044 679 1126 758 apnd
1149 697 1182 740 se
1203 677 1237 739 in

187 767 326 830 constris
358 765 534 828 Ariovistus
559 761 788 846 conspexisset,
823 765 955 828 exercitu
988 785 1042 826 suo
1075 773 1237 843 praesente

148 887 151 893 ¹
216 852 429 917 conclamavit:
459 850 540 922 Quid
562 853 602 914 ad
624 873 658 914 se
679 851 837 914 venirent?
865 872 905 914 an
928 851 1103 931 speculandi
1124 848 1237 912 causa?

184 946 187 951 '
215 938 369 1003 Conantes
391 939 488 1001 dicere
510 939 662 1019 prohibuit
684 948 714 1000 et
734 940 766 1000 in
788 948 910 1000 catenas
932 938 1066 1000 coniecit.

173 1026 208 1078 48
278 1025 396 1086 Eodem
422 1026 477 1087 die
510 1034 611 1087 castra
636 1025 788 1105 promovit
816 1035 847 1087 et
874 1024 994 1086 milibus
1021 1040 1168 1103 passuum
1196 1036 1237 1082 vl

216 1131 238 1175 a
263 1111 405 1173 Caesaris
438 1112 547 1173 castris
580 1111 653 1172 sub·
669 1120 770 1173 monte
798 1111 942 1173 consedit.
992 1107 1144 1173 Postridie
1172 1106 1237 1169 eius

176 1210 203 1251 1⁰
216 1197 277 1261 diei
296 1206 416 1278 praeter
437 1206 539 1259 castra
561 1197 702 1278 Caesaris
725 1217 798 1259 suas
820 1197 922 1277 copias
943 1196 1079 1259 traduxit
1101 1203 1132 1256 et
1153 1193 1237 1255 mili-

216 1285 276 1347 bus
308 1302 454 1362 passuum
482 1284 599 1346 duobus
627 1284 709 1346 ultra
731 1303 797 1345 eum
820 1292 922 1345 castra
942 1283 1014 1345 lecit
1036 1300 1071 1343 eo
1094 1279 1236 1353 consilio,

215 1368 263 1433 nti
287 1370 436 1431 frumento
463 1379 706 1450 commeatuque,
740 1369 792 1450 qui
818 1389 857 1432 ex
884 1369 1033 1450 Sequanis
1061 1376 1092 1429 et
1117 1365 1238 1428 Aeduis

216 1464 461 1536 supportaretur,
496 1456 660 1522 Caesarem
693 1456 914 1519 intercluderet.
957 1455 1006 1517 Ex
1033 1473 1068 1517 eo
1096 1452 1145 1515 die
1172 1452 1237 1514 dies

209 1541 373 1611 continuos
400 1556 425 1602 v
452 1539 566 1604 Caesar
599 1563 651 1623 pro
680 1543 788 1605 castris
818 1562 890 1605 suas
918 1541 1020 1621 copias
1042 1538 1185 1620 produxit
1206 1547 1239 1599 et

173 1642 204 1697 ψ
216 1628 312 1691 aciem
339 1627 518 1690 instructam
539 1629 663 1705 habuit,
687 1638 736 1704 ut,
765 1628 792 1690 si
813 1629 907 1692 vellet
927 1627 1102 1690 Ariovistus
1124 1624 1239 1704 proelio

217 1715 411 1788 contendere,
435 1715 463 1776 ei
483 1725 620 1796 potestas
642 1735 703 1777 non
725 1716 853 1777 deesset.
886 1713 1061 1778 Ariovistus
1076 1712 1123 1773 his
1140 1711 1240 1772 omni-

215 1801 274 1863 bns
306 1801 412 1862 diebus
446 1802 608 1864 exercitum
623 1802 743 1865 castris
771 1801 930 1875 continuit,
965 1799 1095 1880 equestri
1122 1797 1239 1877 proelio

162 1936 165 1940 ,
217 1886 351 1968 qnotidie
373 1889 533 1973 contendit.
578 1887 683 1951 Genus
705 1889 762 1950 hoc
784 1897 849 1950 erat
869 1906 1003 1967 pugnae,
1026 1904 1085 1968 quo
1107 1905 1141 1947 se
1156 1882 1239 1946 Ger-

217 1973 301 2034 mani
323 1983 525 2055 exercuerant.
570 1971 820 2054 Equitum'milia
842 1982 929 2035 erant
951 1989 1005 2046 vl,
1029 1970 1156 2033 totidem
1178 1989 1239 2032 nu-

175 2072 203 2112 20
217 2077 300 2120 mero
328 2059 445 2138 pedites
467 2059 648 2122 velocissimi
670 2079 706 2122 ac
727 2060 896 2133 fortissimi,
926 2078 999 2139 quos
1023 2077 1060 2119 ex
1082 2056 1163 2119 omni
1185 2075 1239 2118 co-

187 2195 189 2198 .
217 2144 269 2225 pia
296 2144 406 2225 singuli
433 2145 566 2226 singulos
591 2165 663 2207 suae
686 2146 795 2207 salutis
818 2164 911 2208 causa
933 2145 1116 2225 delegerant
1162 2143 1239 2205 Cum

217 2231 268 2292 his
300 2231 332 2292 in
354 2230 481 2312 'proeliis
509 2232 719 2294 versabantur.
756 2232 821 2295 ·Ad
844 2252 894 2294 eos
918 2251 951 2293 se
973 2231 1088 2312 equites
1111 2229 1240 2309 recipie-

217 2317 308 2390 bant3
336 2317 382 2391 hi,
412 2317 438 2379 si
460 2317 530 2398 quid
551 2327 618 2380 erat
640 2318 758 2392 durius,
782 2318 1015 2390 concurrebant,
1044 2318 1071 2378 si
1093 2317 1145 2397 qui
1167 2335 1239 2397 gra-

217 2402 302 2465 viore
323 2403 447 2465 vulnere
470 2413 597 2484 accepto
615 2424 690 2485 equo
714 2405 877 2480 deciderat,
901 2403 1176 2476 circumsistebant;
1211 2402 1239 2464 si

166 2491 204 2548 'aa
217 2508 277 2570 quo
311 2499 378 2551 erat
411 2489 527 2570 longius
554 2492 762 2570 prodeundum
791 2502 845 2553 aut
873 2491 997 2553 celerius
1020 2489 1237 2569 recipiendum,

217 2582 306 2636 tanta
328 2584 392 2654 erat
407 2576 518 2637 'horum
539 2578 754 2640 exercitatione
777 2578 930 2651 celeritas,
954 2585 988 2638 ut
1001 2576 1079 2638 iubis
1096 2593 1240 2655 equorum

218 2661 369 2723 sublevati
391 2681 511 2723 cursum
533 2664 747 2744 adaequarent.

174 2737 209 2792 49
282 2747 343 2809 Ubi
371 2768 438 2809 eum
466 2749 572 2810 castris
601 2770 634 2811 se
656 2759 758 2813 tenere
781 2749 897 2812 Caesar
918 2748 1081 2823 intellexit,
1110 2767 1148 2808 ne
1171 2747 1241 2809 diu·

218 2832 281 2894 tius
304 2845 472 2896 commeatu
494 2836 713 2914 prohiberetur,
736 2838 818 2898 ultra
834 2856 901 2897 eum
916 2837 1029 2906 locum,
1053 2833 1158 2914 quoin
1174 2834 1240 2895 loco

176 2934 205 2973 ³0
218 2918 364 2988 Germani
397 2922 609 2997 consederant,
645 2923 760 2985 circiter
788 2942 897 3002 passus
925 2930 1083 2983 sexcentos
1110 2921 1149 2981 ab
1172 2919 1238 2993 his,

217 3005 326 3067 castris
348 3005 488 3068 idoneum
511 3007 608 3069 locum
632 3009 741 3090 delegit
763 3009 884 3089 acieque
906 3008 1016 3087 triplici
1035 3007 1184 3068 instructa
1198 3007 1240 3067 ad

217 3111 286 3154 eum
314 3091 411 3154 locum
438 3094 529 3155 venit.
573 3094 706 3162 Primam
734 3105 764 3157 et
791 3096 953 3157 secundam
976 3094 1069 3155 aciem
1090 3093 1122 3155 in
1145 3091 1238 3154 armis

218 3198 302 3251 esse,
337 3179 459 3241 tertiam
487 3189 587 3244 castra
613 3182 727 3256 munire
754 3182 851 3243 iussit.
896 3181 955 3242 Hic
982 3180 1065 3242 locus
1088 3180 1127 3241 ab
1148 3179 1239 3241 hoste

218 3264 332 3327 circiter
364 3286 476 3354 passus
510 3276 683 3343 sexcentos,
717 3269 762 3330 uti
796 3269 908 3336 dictum
937 3276 997 3342 est,
1032 3267 1146 3328 aberat.
1189 3265 1239 3326 Eo

177 3367 204 3405 π
218 3350 335 3413 circiter
371 3352 525 3414 hominum
558 3352 681 3416 numero
719 3355 848 3417 sedecim
881 3353 964 3415 milia
997 3352 1139 3433 expedita
1171 3370 1240 3413 cum

219 3438 301 3498 omni
324 3439 460 3518 equitatu
482 3439 657 3502 Ariovistus
679 3442 776 3514 misit,
806 3460 883 3520 quae
905 3441 1008 3521 copiae
1032 3446 1152 3501 nostros
1175 3446 1240 3499 ter-

217 3533 319 3585 rerent
352 3534 383 3586 et
415 3526 580 3587 munitione
607 3528 809 3606 prohiberent.
858 3527 963 3589 Nihilo
992 3526 1085 3587 setius
1113 3524 1239 3597 Caesar,

216 3618 345 3671 utente
368 3612 582 3688 constituerat,
612 3614 688 3674 duas
711 3614 791 3675 acies
813 3614 931 3675 hostem
952 3611 1146 3692 propulsare,
1174 3618 1241 3671 ter-

217 3694 292 3757 tiam
325 3716 401 3776 opus
429 3699 570 3776 perficere
596 3698 695 3760 iussit.
740 3700 866 3762 Munitis
895 3700 1003 3761 castris
1031 3700 1106 3760 duas
1129 3696 1172 3759 ibi
1195 3696 1241 3758 le-

175 3821 203 3859 ,0
218 3779 320 3859 giones
354 3782 474 3864 reliquit
507 3777 538 3845 et
564 3794 682 3863 partem
710 3787 904 3861 auxiliorum,
939 3794 1083 3867 quattuor
1109 3783 1241 3864 reliquas

110 3888 112 3892 ·
217 3865 248 3926 in
270 3875 374 3930 castra
395 3870 509 3931 maiora
532 3871 659 3934 reduxit.
