2616 4492
325 346 333 359 ἱ
411 288 480 334 nm.
496 289 530 334 v.
553 288 630 335 cnr.
646 271 784 337 23-27.
1070 272 1113 335 tr

151 425 228 489 Erat
249 424 280 486 in
303 425 488 488 Carnutibus
510 447 626 489 summo
641 428 705 490 loco
722 436 812 489 natus
827 427 989 508 Tasgetius
1007 425 1157 511 (huius2c

87 511 218 574 maiores
245 512 277 573 in
305 532 361 575 sua
383 513 506 575 civitate
529 533 653 594 regnum
676 513 901 597 obtinuerant):
935 514 1005 575 huic
1032 514 1113 576 Cae-

87 619 139 660 sar
171 617 226 678 pro
255 599 318 660 eius
346 599 459 661 virtute
487 609 578 680 atque
605 600 636 661 in
663 620 696 661 se
717 600 944 673 benevolentia,
979 602 1058 680 quod
1080 601 1113 662 in

87 685 223 747 omnibus
247 685 334 746 bellis
357 686 502 766 singulari
525 687 588 747 eius
611 706 704 766 opera
725 688 826 748 fuerat
847 706 936 759 usus,
967 686 1112 749 maiorum

85 772 183 833 locum
212 771 396 833 restituerat.
447 773 584 834 Tertium
611 773 672 834 ianr
700 773 780 834 hunc
802 792 914 834 annum
937 782 1142 853 regnantems

85 856 198 919 inimici
232 858 334 919 multis
367 859 469 938 palam
504 878 542 920 ex
568 858 691 920 civitate
719 859 892 920 auctoribus
921 879 987 920 eum
1015 859 1113 920 inter·

85 944 229 1006 iecerunt.
273 945 416 1005 Defertur
448 963 484 1006 ea
517 965 565 1006 res
598 946 639 1006 ad
672 946 843 1007 Caesarem.
892 945 948 1006 ille
981 945 1112 1019 veritus,

86 1032 167 1110 quod
190 1031 229 1091 ad
251 1031 354 1110 plures
377 1031 564 1110 pertinebat,
588 1051 625 1092 ne
647 1031 755 1093 civitas
779 1051 881 1093 eorum
902 1031 1035 1110 impulsu
1055 1032 1112 1092 de-

86 1117 202 1191 ficeret,
236 1115 272 1177 L.
295 1117 443 1178 Plancum
476 1137 544 1179 cum
577 1117 691 1199 legione
719 1138 756 1179 ex
782 1118 887 1198 Belgio
916 1117 1053 1179 celeriter
1080 1117 1112 1179 in

86 1202 236 1264 Carnutes
258 1202 406 1282 proficisci
428 1203 512 1265 iubet
533 1205 634 1284 ibique
649 1204 795 1278 hiemare,
819 1223 1004 1284 quorumque
1020 1223 1114 1284 opera
1127 1230 1157 1269 ro

86 1288 261 1369 cognoverit
289 1290 465 1370 Tasgetium
494 1291 700 1364 interiectum,
733 1290 789 1351 hos
817 1291 1050 1369 comprehensos
1073 1291 1113 1352 sd

85 1395 119 1437 se
153 1376 281 1437 mittere.
331 1376 456 1439 Interim
489 1378 528 1438 ab
562 1377 700 1439 omnibus
733 1376 841 1456 legatis
875 1386 1111 1456 quaestoreque‚

86 1461 194 1541 quibus
228 1461 361 1542 legiones
389 1463 571 1537 tradiderat,
607 1463 716 1525 certior
742 1464 839 1523 iactus
863 1462 963 1523 estin
985 1461 1113 1524 hiberna

85 1557 263 1628 perventum
286 1548 442 1628 locumque
464 1549 597 1610 hibernis
620 1569 687 1610 esse
709 1549 866 1610 munitum.

149 1634 265 1694 Diebus
293 1634 408 1696 circiter
435 1635 618 1715 quindecim,
648 1635 756 1714 quibus
783 1635 815 1695 in
837 1634 966 1695 hiberna
988 1641 1157 1695 ventumw

86 1727 149 1793 est,
182 1719 299 1782 initium
335 1721 484 1801 repentini
512 1720 659 1781 tumultus
687 1740 723 1781 ac
745 1720 920 1781 defectionis
944 1728 1042 1781 ortum
1066 1728 1113 1780 est
1126 1744 1155 1784 ro

81 1807 125 1888 ¹ab
148 1805 324 1886 Ambiorige
347 1816 379 1867 et
401 1806 584 1880 Catuvolco;
613 1805 679 1885 qui,
708 1825 775 1867 cum
798 1807 837 1866 ad
860 1806 935 1867 fines
958 1805 1042 1884 regni
1064 1804 1112 1865 sui

85 1891 201 1954 Sabino
230 1893 399 1973 Cottaeque
426 1902 549 1972 praesto
576 1892 705 1953 luissent
736 1893 977 1971 frumentumque
1004 1891 1035 1952 in
1062 1890 1112 1952 hi-

84 1979 180 2040 berna
206 1980 495 2059 comportavissent‚
529 1977 730 2040 Indutiomari
761 1977 888 2039 Treveri
915 1977 1028 2038 nuntiis
1050 1977 1111 2038 im-

84 2064 166 2145 pulsi
199 2085 271 2126 suos
298 2066 526 2127 concitaverunt
553 2064 713 2144 subitoque
737 2064 890 2144 oppressis
913 2064 1111 2144 lignatoribus
1125 2087 1157 2127 ao

85 2170 196 2230 magna
224 2171 315 2214 manu
343 2153 382 2213 ad
405 2161 506 2212 castra
528 2159 735 2231 oppugnatum
757 2159 915 2212 venerunt
960 2150 1036 2210 Cum
1059 2168 1110 2210 ce-

85 2237 188 2298 leriter
216 2238 313 2298 nostri
341 2257 427 2300 arma
455 2238 607 2317 cepissent
633 2238 807 2317 vallumque
829 2237 1038 2299 ascendissent
1060 2248 1111 2296 at-

86 2344 142 2403 que
167 2344 227 2385 una
247 2343 284 2386 ex
304 2335 393 2403 parta
406 2324 554 2404 Hispanis
570 2323 720 2405 equitibus
736 2323 855 2385 emissis
872 2321 1003 2403 equestri
1017 2339 1111 2400 proe-

85 2409 125 2470 lio
154 2410 335 2490 superiores·
350 2412 492 2486 fuissent,
527 2412 690 2491 desperata
716 2430 748 2471 re
769 2410 874 2471 hostes
897 2427 969 2469 suos
991 2408 1030 2468 ab
1052 2425 1110 2486 op·

84 2497 271 2576 pugnatione
299 2499 493 2560 reduxerunt.
545 2497 624 2558 Tum
647 2517 702 2558 suo
726 2516 808 2557 more
832 2494 1110 2567 conclamaverunt,
1124 2516 1156 2557 aa

85 2582 130 2643 uti
153 2583 244 2663 aliqui
269 2603 306 2643 ex
327 2584 441 2644 nostris
464 2584 504 2644 ad
526 2583 717 2663 conloquium
739 2582 887 2662 prodiret:
912 2580 1022 2640 habere
1042 2596 1112 2643 scs·

85 2687 162 2747 quae
186 2671 223 2729 de
245 2687 276 2729 re
299 2668 448 2730 communi
471 2669 569 2730 dicere
591 2669 721 2742 vellent,
746 2668 854 2748 quibus
877 2667 967 2727 rebus
987 2673 1120 2727 contra*

84 2754 202 2814 versias
236 2753 331 2814 minui
363 2773 455 2833 posse
487 2763 653 2833 sperarent.
702 2754 837 2816 Mittitur
864 2754 903 2814 ad
932 2771 982 2813 eos
1006 2751 1155 2813 conlo-27

86 2838 198 2916 quendi
231 2857 324 2899 causa
352 2838 386 2899 C.
408 2837 591 2918 Arpineius,
626 2860 717 2919 eques
744 2840 917 2911 Romanae,
951 2837 1110 2898 familiaris

86 2920 125 2991 Q.
149 2922 273 2997 Titurii,
308 2932 339 2984 et
372 2921 410 2992 Q.
433 2923 537 2986 Iunius
566 2944 604 2986 ex
629 2925 779 3005 Hispania
802 2924 938 3004 quidam,
973 2924 1023 3003 qui
1050 2923 1109 2984 iam
1124 2946 1156 2985 ao

87 3017 159 3069 ante
192 3008 288 3069 missu
314 3007 456 3069 Caesaris
480 3010 519 3070 ad
541 3009 744 3090 Ambiorigem
769 3009 918 3071 ventitare
940 3017 1109 3071 consuerat.

84 3094 179 3174 Apud
207 3113 282 3174 quos
309 3093 472 3155 Ambiorix
498 3095 639 3156 adhunc
661 3096 782 3157 modum
805 3096 920 3156 locutus
944 3103 1004 3155 ast:
1035 3093 1111 3154 Sese

84 3200 138 3261 pro
161 3179 304 3242 Caesaris
326 3180 357 3242 in
380 3199 414 3241 se
436 3179 587 3241 beneficiis
607 3180 767 3259 plurimum
791 3181 825 3243 ei·
839 3179 975 3242 confiteri
990 3179 1110 3253 debere,

85 3268 167 3346 quod
189 3266 253 3328 eius
277 3285 371 3346 opera
392 3265 542 3345 stipendio
566 3266 711 3327 liberatus
734 3275 831 3338 esset,
861 3266 942 3345 quod
964 3264 1110 3326 Aduatu-

85 3353 127 3414 cis
151 3352 286 3414 finitimis
310 3353 373 3414 suis
396 3353 527 3432 pendere
550 3360 741 3426 consuesset,
765 3352 905 3431 quodque
928 3350 955 3410 ei
978 3359 1009 3410 et
1030 3349 1110 3410 filius
1124 3372 1154 3412 as

85 3448 117 3500 et
137 3439 241 3501 fratris
264 3439 344 3501 filius
367 3440 407 3501 ab
430 3438 562 3500 Caesare
584 3438 703 3500 remissi
725 3447 843 3511 essent,
866 3455 941 3516 quos
955 3435 1111 3497 Aduatuci

85 3526 223 3587 obsidum
255 3543 380 3587 numero
412 3524 522 3586 missos
551 3525 632 3604 apud
660 3544 693 3586 se
720 3524 752 3585 in
775 3523 920 3585 servitute
943 3531 974 3582 et
996 3520 1110 3584 catenis

83 3611 268 3684 tenuissent;
292 3631 389 3692 neque
410 3611 457 3684 id,
481 3612 561 3691 quod
582 3611 686 3673 lecerit
701 3612 738 3672 de
753 3607 976 3690 oppugnatione
990 3616 1110 3669 castro-

85 3715 166 3772 rum,
201 3707 256 3758 aut
287 3697 396 3759 iudicio
425 3707 479 3759 aut
506 3698 664 3758 voluntate
692 3716 748 3758 sua
769 3695 892 3768 iecisse,
928 3695 982 3755 sed
1004 3701 1109 3754 coactu

85 3782 232 3858 civitatis,
267 3802 382 3862 suaque
416 3802 482 3843 esse
510 3782 657 3844 eiusmodi
683 3781 831 3860 imperia,
865 3788 900 3841 ut
927 3798 987 3841 non
1010 3778 1108 3841 minus
1122 3802 1154 3841 ro

85 3866 213 3930 haberet
234 3869 308 3929 iuris
331 3868 362 3928 in
384 3886 417 3929 se
440 3867 599 3929 multitudo
623 3887 713 3947 quam
733 3866 799 3946 ipse
821 3866 853 3927 in
875 3865 1108 3927 multitudinem.

86 3951 212 4016 Civitati
238 3973 328 4035 porro
356 3954 435 4016 hano
455 3953 548 4015 tuisse
570 3953 642 4015 belli
663 3972 802 4027 oausam,
831 3954 911 4034 quod
933 3951 1109 4033 repentinae
