2616 4492
205 266 248 329 30
532 280 581 327 nc
603 278 722 328 nunno
745 278 902 329 emoneo

181 428 199 478 8
272 417 386 479 Caesar
422 416 520 496 primo
558 426 590 478 et
623 426 747 498 propter
779 416 1001 479 multitudinem
1032 417 1164 480 hostium
1200 426 1233 480 et

207 514 331 585 propter
362 502 503 564 eximiam
537 504 704 583 opinionem
737 503 860 566 virtutis
892 503 1008 584 proelio
1036 505 1233 585 supersedere

208 591 331 664 statuit;
365 589 498 669 quotidie
525 597 628 652 tamen
651 591 840 670 equestribus
862 590 1000 669 proeliis,
1035 591 1106 670 quid
1133 591 1232 652 hostis

207 677 319 739 virtute
341 685 446 756 posset
468 684 499 736 et
521 676 592 754 quid
614 677 711 738 nostri
727 678 886 749 auderent,
909 676 1142 755 periclitabatur.
1170 677 1233 739 Ubi

179 773 330 831 enostros
353 781 413 823 non
437 781 504 822 esse
525 761 681 825 inferiores
705 763 868 836 intellexit,
897 762 962 823 loco
983 782 1038 842 pro
1060 763 1168 825 castris
1192 765 1233 825 ad

208 851 303 912 aciem
325 848 533 909 instruendam
561 858 670 911 natura
697 859 864 929 opportuno
893 859 983 928 atque
1003 849 1122 922 idoneo,
1151 852 1233 930 qnod

208 936 237 999 is
265 935 364 1007 collis,
397 934 449 996 nbi
476 944 577 996 castra
603 936 704 1016 posita
732 945 833 1007 erant,
868 935 1022 1015 paululum
1045 955 1083 997 ex
1104 936 1233 1016 planitie

210 1023 307 1086 editus
335 1029 454 1082 tantum
477 1021 621 1083 adversus
644 1023 675 1084 in
697 1022 887 1084 latitudinem
909 1022 1050 1102 patebat,
1085 1032 1232 1102 quantum

208 1110 267 1172 loci
298 1108 378 1169 acies
410 1107 559 1168 instructa
586 1128 729 1188 occupare
752 1117 886 1188 poterat,
921 1116 1012 1188 atque
1040 1128 1077 1170 ex
1104 1117 1234 1189 utraque

167 1225 195 1263 ιο
209 1204 297 1277 parte
318 1193 424 1256 lateris
446 1193 577 1256 deiectus
599 1195 734 1257 habebat
757 1195 839 1256 etin
861 1197 990 1256 frontem
1012 1194 1121 1256 leniter
1142 1195 1233 1256 fasti-

212 1292 301 1364 gatus
332 1279 482 1360 paulatim
510 1281 550 1341 ad
576 1280 732 1360 planitiem
754 1282 888 1356 redibat,
924 1282 963 1342 ab
990 1291 1115 1360 utroque
1137 1281 1235 1343 latere

210 1368 274 1433 eius
308 1367 392 1428 collis
420 1374 629 1428 transversam
654 1370 769 1430 fossam
797 1368 923 1429 obduxit
950 1367 1066 1428 circiter
1086 1387 1234 1447 passuum

210 1454 499 1536 quadringentorum
523 1462 554 1514 et
576 1455 616 1515 ad
638 1463 789 1515 extremes
811 1455 910 1516 fossas
933 1454 1061 1516 castella
1076 1454 1235 1516 constituit

210 1541 311 1621 ibique
334 1547 487 1602 tormenta
509 1538 691 1614 conlocavit,
720 1559 774 1614 ne,
809 1560 876 1603 cum
904 1541 999 1601 aciem
1021 1539 1233 1614 instruxisset,

154 1655 195 1708 >rs
209 1627 329 1702 hostes,
361 1623 444 1706 'quod
472 1633 590 1687 tantum
618 1626 809 1688 multitudine
835 1635 991 1706 poterant,
1025 1627 1064 1687 ab
1086 1626 1234 1689 lateribus

209 1724 379 1796 pugnantes
407 1731 478 1773 suos
505 1712 720 1774 circumvenire
746 1722 880 1791 possent.
924 1713 991 1774 Hoc
1011 1714 1092 1774 iacto
1115 1714 1233 1775 duabus

209 1801 392 1882 legionibus,
416 1818 491 1877 quas
514 1800 649 1880 proxime
671 1799 904 1879 conscripserat,
926 1799 958 1860 in
980 1799 1088 1860 castris
1110 1799 1234 1875 relictis,

210 1898 259 1962 ut,
294 1888 320 1949 si
354 1907 411 1967 quo
442 1905 516 1966 opus
545 1895 641 1961 esset,
675 1885 810 1947 subsidio
838 1885 905 1946 duci
926 1894 1067 1964 possent,
1102 1885 1235 1967 reliquas

211 1993 267 2036 sex
298 1974 428 2054 legiones
457 1991 510 2053 pro
538 1972 646 2033 castris
672 1970 705 2033 in
727 1972 790 2034 acie
813 1971 977 2033 constituit.
1020 1971 1134 2034 Hostes
1156 1973 1235 2034 item

167 2087 197 2125 ao
212 2080 283 2123 suas
306 2060 407 2139 copias
431 2076 468 2119 ex
490 2059 598 2120 castris
621 2059 744 2120 eductas
765 2059 980 2120 instruxerant

185 2151 203 2204 9
276 2146 371 2208 Palus
406 2153 471 2206 erat
498 2163 558 2205 non
585 2164 697 2224 magna
722 2145 799 2206 inter
826 2153 961 2206 nostrum
989 2153 1080 2225 atque
1102 2144 1238 2208 hostium

213 2233 385 2295 exercitum.
429 2232 517 2292 Hanc
549 2230 575 2292 si
608 2230 705 2291 nostri
733 2230 912 2303 transirent,
946 2231 1050 2292 hostes
1074 2240 1235 2310 exspecta-

211 2321 302 2394 bant3
336 2318 432 2379 nostri
454 2328 570 2391 autern,
602 2317 628 2378 si
651 2318 688 2378 ab
711 2316 771 2378 illis
793 2317 911 2378 initium
934 2317 1111 2379 transeundi
1132 2319 1233 2393 fieret,

212 2415 248 2469 ut
273 2405 433 2485 impeditos
461 2405 702 2484 adgrederentur,
736 2403 837 2482 parati
864 2403 899 2467 in
924 2404 1025 2465 armis·
1039 2412 1135 2465 erant.
1180 2405 1235 2466 In·

169 2516 198 2555 rs
213 2492 301 2555 terim
322 2490 437 2572 proelio
460 2489 591 2571 equestri
613 2490 691 2551 inter
713 2491 788 2551 duas
806 2489 885 2551 acies
902 2490 1146 2552 contendebatur.
1172 2490 1235 2554 Ubi

213 2579 313 2641 neutri
327 2577 504 2640 transeundi
518 2576 635 2637 initium
654 2576 781 2649 iaciunt,
805 2576 980 2638 secundiore
996 2576 1129 2657 equitum
1143 2596 1235 2657 proe-

212 2665 254 2728 lio
283 2664 395 2726 uostris
419 2662 534 2724 Caesar
556 2682 626 2724 suos
648 2663 804 2726 incastra
825 2663 954 2724 reduxit.
998 2663 1111 2725 Hostes
1133 2664 1234 2744 proti-

214 2771 271 2814 nus
304 2769 342 2812 ex
369 2771 404 2812 co
431 2750 495 2812 loco
524 2751 562 2810 ad
590 2749 699 2811 flumen
725 2748 868 2810 Axonam
891 2750 1120 2822 contenderunt,
1154 2752 1235 2830 quod

214 2857 280 2900 esse
301 2846 372 2917 post
392 2845 497 2898 nostra
518 2846 619 2897 castra
641 2837 881 2897 demonstratum
905 2844 960 2897 est.
1003 2836 1051 2898 Ibi
1072 2837 1160 2898 vadis
1182 2856 1234 2898 re-

169 2950 200 2988 so
212 2924 306 3005 pertis
329 2932 447 3003 partem
469 2942 591 2984 suarum
614 2921 766 3002 copiarum
787 2923 943 2984 traducere
965 2922 1066 2984 conati
1086 2932 1173 2996 sunt,
1197 2942 1234 2986 eo

213 3010 354 3082 consilio,
383 3019 433 3083 ut,
462 3009 489 3070 si
509 3017 649 3088 possent,
679 3009 852 3082 castellum,
881 3009 928 3070 cui
949 3019 1095 3088 praeerat
1117 3007 1154 3078 Q.
1178 3010 1234 3071 Ti-

213 3098 309 3160 turius
333 3096 466 3176 legatus,
491 3103 697 3175 expugnarent
717 3103 898 3174 pontemque
920 3095 1184 3170 interscinderent;
1207 3095 1235 3158 si

213 3185 311 3247 miuus
326 3182 512 3263 potuissent,
536 3201 624 3261 agros
635 3182 799 3243 Remorum
811 3180 1037 3260 popularentur,
1061 3182 1113 3263 qui
1124 3200 1234 3264 magno

214 3270 300 3333 nobis
327 3269 395 3331 usui
418 3269 457 3329 ad
479 3267 590 3329 bellum
612 3270 771 3349 gerendum
794 3276 910 3340 erant„
926 3279 1154 3350 commeatuque
1175 3288 1233 3330 no-

170 3367 294 3420 austros
316 3356 519 3436 prohiberent.

173 3447 206 3498 10
279 3443 396 3505 Certior
417 3444 515 3503 iactus
538 3441 577 3500 ab
600 3439 716 3503 Titurio
739 3437 855 3502 Caesar
877 3457 995 3501 omnem
1018 3440 1185 3520 equitatum
1202 3447 1236 3501 et

214 3530 290 3591 levis
318 3538 488 3591 armaturae
515 3525 678 3600 Numidas,
711 3527 877 3588 funditores
900 3525 1133 3608 sagittariosque
1154 3545 1235 3606 pon-

215 3624 277 3677 tem
305 3615 437 3677 traducit
458 3623 549 3695 atque
572 3614 611 3673 ad
634 3632 684 3674 eos
707 3612 867 3675 contendit
913 3611 1037 3674 Acriter
1057 3613 1089 3674 in
1112 3631 1146 3673 eo
1169 3613 1234 3676 loco

215 3711 379 3781 pugnatum
412 3710 469 3762 est.
518 3701 632 3762 Hostes
659 3699 820 3778 impeditos
848 3699 944 3760 nostri
972 3698 1003 3760 in
1030 3699 1152 3761 flumine
1175 3700 1234 3762 ad-

172 3813 203 3851 so
217 3788 312 3868 gressi
344 3796 485 3866 magnum
518 3805 622 3848 eorum
648 3805 804 3847 numerum
831 3786 1017 3860 oeciderunt3
1049 3806 1105 3866 per
1131 3805 1235 3847 eorum

217 3892 342 3952 corpora
363 3873 494 3953 reliquos
517 3871 716 3935 audacissime
737 3871 868 3934 transire
884 3881 1027 3945 conantes
1042 3872 1236 3934 multitudine

215 3959 343 4022 telorum
374 3959 584 4039 reppulerunt3
616 3959 746 4041 primos,
781 3958 832 4039 qui
862 3958 1062 4034 transierant,
1097 3959 1235 4038 equitatu
