2616 4492
209 278 254 345 oo
542 294 591 339 nnc
613 292 731 340 nuntio
754 292 911 340 oanmco

210 436 289 498 lerre
310 451 371 494 non
393 439 557 512 potuerunt
579 450 616 493 ac
637 441 724 513 terga
746 440 914 494 verterunt.
948 429 1034 501 Quos
1056 438 1143 494 tanto
1165 451 1243 512 spa-

210 520 254 583 tio
288 518 398 593 secuti,
434 527 579 598 quantum
608 537 697 580 cursu
724 525 755 578 et
781 518 895 580 viribus
923 519 1039 580 efficere
1061 527 1240 598 potuemnt,

211 604 379 686 complures
408 624 445 665 ex
471 604 509 665 iis
532 603 718 677 occiderunt,
752 604 859 665 deinde
886 604 1024 665 omnibus
1047 605 1136 685 longe
1157 604 1240 666 late-

211 711 270 773 que
294 690 437 752 aedificiis
459 689 590 752 incensis
613 711 646 752 se
667 690 701 751 in
723 699 824 751 castra
846 699 1031 769 receperunt.

168 787 202 840 36
276 776 393 838 Eodem
423 775 471 838 die
498 776 590 856 legati
619 777 657 838 ab
684 776 823 838 hostibus
847 776 932 837 missi
954 777 994 837 ad
1016 774 1179 837 Caesarem
1203 776 1241 837 de

182 882 287 945 space
308 872 465 924 venemnt.
510 863 568 924 His
584 862 700 924 Caesar
714 881 870 924 numerum
887 863 1039 937 obsidum,
1064 881 1152 942 quem
1168 872 1240 923 ante

210 950 432 1030 imperaverat,
457 949 623 1028 duplicavit
645 967 756 1028 eosque
778 948 810 1009 in
833 948 1036 1009 continentem
1052 947 1161 1009 adduci
1175 949 1241 1010 ius-

212 1036 269 1110 sit,
294 1037 374 1116 quod
395 1035 565 1115 propinqua
588 1036 635 1097 die
658 1034 841 1116 aequinoctii
862 1034 991 1095 infirmis
1007 1034 1137 1095 navibus
1149 1034 1240 1095 hiemi

212 1121 436 1202 navigationem
469 1121 686 1183 subiiciendam
719 1140 780 1181 non
814 1120 1019 1182 existimabat
1073 1121 1145 1200 Ipse
1171 1120 1240 1182 ido-

169 1236 199 1275 ιο
212 1227 302 1270 neam
335 1215 549 1287 tempestatem
582 1217 710 1269 nanctus
743 1205 833 1286 paulo
866 1215 937 1286 post
968 1206 1099 1267 mediam
1121 1215 1241 1268 noctem

213 1313 309 1357 naves
331 1293 440 1367 solvit;
469 1312 545 1374 quae
568 1313 671 1355 omnes
693 1292 858 1354 incolumes
882 1293 921 1354 ad
944 1292 1147 1353 continentem
1168 1310 1241 1372 per-

212 1387 388 1454 venerunt3.
413 1380 467 1441 sed
489 1399 527 1441 ex
548 1379 586 1441 iis
610 1379 767 1441 onerariae
789 1380 867 1440 duae
891 1379 1041 1451 eosdem,
1063 1397 1139 1458 qnos
1166 1379 1241 1440 reli-

213 1466 278 1548 qui,
312 1475 420 1547 portus
448 1485 555 1546 capere
583 1485 644 1527 non
671 1473 835 1546 potuerunt
856 1472 887 1526 et
907 1464 997 1544 paulo
1018 1464 1099 1526 inira
1121 1464 1242 1526 delatae

168 1546 314 1614 arcuna·
338 1549 457 1621 Quibus
480 1571 518 1613 ex
540 1552 670 1614 navibus
693 1570 761 1612 cum
784 1558 888 1612 essent
907 1550 1037 1630 expositi
1051 1549 1164 1612 milites
1179 1551 1241 1612 cir-

168 1638 287 1704 inciter
312 1638 440 1700 trecenti
463 1647 553 1718 atque
576 1638 607 1699 in
630 1647 732 1699 castra
754 1638 983 1708 contenderent,
1011 1636 1140 1712 Morini,
1164 1656 1241 1717 quos

212 1724 329 1787 Caesar
349 1724 382 1786 in
404 1723 595 1786 Britanniam
616 1723 807 1804 proficiscens
830 1724 956 1801 pacatos
978 1721 1156 1803 reliquerat,
1186 1741 1241 1802 spe

210 1811 343 1890 praedae
366 1810 487 1872 adducti
509 1811 606 1890 primo
629 1829 690 1872 non
712 1809 757 1871 ita
778 1827 887 1890 magno
903 1827 1025 1870 snorum
1039 1827 1163 1871 numero
1178 1809 1249 1887 cir-¹

211 1904 429 1959 oumstetemnt
462 1915 512 1970 ac,
547 1896 573 1957 si
607 1916 675 1958 sese
696 1894 826 1956 interfici
850 1893 980 1968 nollent,
999 1912 1101 1955 ,arma
1126 1913 1242 1974 ponere

210 1981 372 2043 iusserunt
418 1980 495 2043 Cum
516 1981 561 2043 illi
584 1981 655 2043 orbe
677 1983 756 2043 facto
780 2000 847 2041 sese
870 1981 1079 2052 defenderent,
1106 1981 1242 2043 celeriter

167 2093 197 2130 ac
212 2067 252 2127 ad
274 2066 436 2127 clamorem
457 2067 613 2128 hominnm
630 2067 747 2129 circiter
762 2066 847 2128 milia
862 2085 916 2127 sex
930 2075 1145 2129 convenerunt
1168 2064 1241 2136 Qua

210 2171 244 2214 re
266 2152 407 2214 nuntiata
429 2151 545 2214 Caesar
568 2172 687 2214 omnem
710 2172 747 2214 ex
762 2151 871 2213 castris
888 2152 1055 2231 equitatum
1071 2153 1134 2215 suis
1150 2154 1240 2215 auxi-

210 2237 252 2301 lio
274 2237 367 2298 misit.
411 2238 536 2299 Interim
565 2239 663 2300 nostri
690 2238 800 2300 milites
822 2238 967 2317 impetum
988 2238 1120 2300 hostiurn
1143 2239 1240 2301 susti-

210 2332 342 2385 nuemnt
374 2331 465 2404 atque
499 2324 628 2403 amplius
655 2324 739 2386 horis
768 2332 912 2404 quattuor
932 2323 1097 2386 fortissime
1119 2343 1239 2404 pugna-

209 2417 321 2472 verunt
342 2416 373 2470 et
394 2409 499 2489 paucis
521 2410 696 2472 vulneribus
720 2409 849 2489 acceptis
872 2410 1041 2489 complures
1063 2429 1101 2472 ex
1120 2410 1169 2472 his
1184 2430 1238 2473 oc-

165 2521 194 2559 π
210 2495 355 2557 cidemnt.
399 2495 515 2557 Postea
536 2515 608 2557 vero
631 2516 721 2576 quam
744 2495 896 2576 equitatus
918 2504 1023 2559 noster
1041 2496 1074 2557 in
1091 2515 1239 2577 conspec-

209 2588 274 2642 tum
296 2581 394 2655 venit,
417 2578 523 2644 hostes
546 2581 670 2644 abiectis
694 2582 787 2644 armis
809 2590 896 2662 terga
917 2589 1074 2644 verterunt
1093 2602 1240 2665 magnus-

209 2685 267 2747 que
290 2684 391 2727 eomm
414 2686 557 2729 numerus
580 2677 627 2730 est
650 2668 772 2730 occisus.

164 2757 200 2809 38
275 2751 390 2814 Caesar
416 2761 539 2833 postero
568 2753 615 2815 die
639 2754 742 2816 Titum
764 2752 933 2815 Labienum
956 2752 1088 2833 legatum
1111 2771 1178 2815 curn
1199 2753 1239 2816 iis

208 2836 391 2916 legionibus,
415 2858 492 2920 quas
514 2858 553 2900 ex
574 2840 737 2902 Britannia
759 2839 936 2911 reduxerat,
960 2839 992 2900 in
1013 2839 1162 2914 Morinos,
1186 2841 1239 2920 qni

163 2949 192 2987 ao
208 2923 404 2985 rebellionem
436 2926 585 2998 fecerant,
619 2925 710 2987 misit.
762 2924 822 2996 Qui
850 2943 914 2985 cnm
937 2934 1062 3005 propter
1083 2923 1239 2989 siccitates

207 3009 368 3089 paludum,
393 3029 451 3091 qno
474 3030 507 3072 se
529 3011 712 3091 reciperent,
736 3032 798 3074 non
818 3010 982 3086 haberent,
1007 3030 1065 3091 quo
1081 3013 1239 3092 superiore

206 3114 287 3157 anno
309 3097 442 3176 perfugio
464 3098 584 3159 fuerant
611 3097 673 3173 nsi,
703 3118 807 3160 omnes
828 3097 891 3158 lere
913 3096 944 3157 in
966 3105 1150 3176 potestatem
1172 3099 1239 3162 La-

204 3181 287 3243 bieni
319 3193 532 3261 pervenerunt.
576 3183 623 3246 At
651 3181 689 3254 Q„
713 3184 850 3247 Titurius
885 3190 916 3243 et
947 3181 984 3243 L.
1008 3182 1101 3245 Cotta
1128 3184 1239 3266 legati,

205 3266 310 3347 quiin
331 3269 544 3349 Menapiorum
566 3270 642 3332 fines
665 3270 799 3351 legiones
823 3270 988 3343 duxerant,
1017 3269 1158 3333 omnibus
1181 3291 1237 3333 eo-

159 3377 187 3416 os
204 3371 270 3414 rum
293 3353 374 3433 agris
396 3355 545 3431 vastatis,
568 3357 728 3418 frumentis
751 3353 892 3426 succisis,
921 3354 1065 3416 aedificiis
1087 3355 1236 3433 incensis,
1269 3394 1276 3401 ·

203 3440 283 3519 quod
305 3440 441 3521 Menapii
464 3461 497 3502 se
520 3461 624 3503 omnes
646 3442 678 3502 in
701 3439 899 3503 densissimas
925 3439 1021 3502 silvas
1044 3441 1237 3518 abdiderant,

202 3543 236 3586 se
269 3526 308 3587 ad
344 3525 508 3588 Caesarem
540 3537 726 3607 recepemnt
782 3527 900 3588 Caesar
922 3525 954 3586 in
977 3526 1081 3608 Belgis
1103 3530 1238 3592 omnium

201 3607 351 3689 legionum
384 3611 512 3674 hiberna
544 3613 710 3674 constituit.
761 3612 808 3674 Bo
837 3612 915 3673 duae
946 3613 1067 3675 omnino
1094 3614 1238 3678 civitates

202 3712 241 3754 cx
261 3696 422 3759 Britannia
444 3699 565 3760 obsides
599 3698 759 3760 misemnt:
782 3697 914 3778 reliquae
938 3698 1145 3779 neglexerunt
1178 3703 1238 3764 His

156 3779 289 3842 corebus
313 3782 405 3861 gestis
428 3803 465 3844 ex
487 3783 598 3846 litteris
630 3783 772 3846 Caesaris
795 3785 909 3846 dierum
936 3783 1042 3865 viginti
1057 3788 1239 3870 supplicatio

200 3881 221 3924 a
242 3876 350 3927 senatu
372 3869 494 3932 decreta
517 3879 573 3932 est.

619 4004 818 4016 uo*—
