2616 4492
472 209 520 260 ore
542 211 823 262 mouumentum.
1116 198 1157 263 5³

129 352 170 415 41
190 357 389 433 perterrent,
419 352 498 433 quod
520 353 573 417 vix
595 353 626 415 in
650 353 711 415 ullo
735 351 836 414 codice
860 360 922 426 est,
946 352 1096 416 retinetur
1118 353 1158 415 ab

132 436 359 516 Oudendorpio.
405 437 524 501 Contra
545 440 677 521 optimos
701 440 766 502 cdd.
792 438 900 513 114,8
921 439 1156 522 produxerunt,

130 532 239 588 contra
267 543 371 585 omnes
402 526 464 586 iere
496 526 568 602 137,
594 525 634 588 14
655 526 880 609 producuntur
906 526 1024 605 scripsi.
1069 525 1157 590 Reli·

81 626 84 631 ·
130 629 259 694 quarum
288 610 487 673 mutationum
515 613 545 676 in
574 613 767 693 paucissimis
795 613 861 675 cdd.
888 612 958 686 112,
974 613 1005 688 9;
1027 608 1080 687 89,
1099 613 1156 688 12;

129 698 161 773 8,
185 699 243 772 20;
276 695 346 771 137,
373 697 428 773 14;
459 696 515 773 71,
538 699 578 762 29
603 699 743 779 exempla
764 708 949 761 manserunt.

192 783 290 867 pedes
312 793 343 845 et
363 804 481 866 passus
495 787 611 866 pariter
624 786 650 869 p
664 785 781 866 scripta
794 794 919 847 exstant
934 786 965 847 in
981 786 1057 857 cdd,
1080 785 1155 848 illud

130 870 184 946 83,
209 871 262 942 25,
285 871 342 932 hoc
367 870 471 944 ltdl
497 882 528 934 et
552 872 624 947 137,
649 873 699 934 33.
743 873 778 933 Iu
802 871 911 955 quibus
934 871 1156 952 perscribendis

130 977 223 1040 quam
246 957 335 1018 facile
359 965 491 1019 erratum
515 960 573 1033 sit,
603 961 664 1021 iarn
687 978 742 1038 per
765 978 798 1020 se
821 958 1015 1039 intellegitur.
1060 958 1154 1021 Cete-

131 1064 200 1108 rum
224 1044 255 1106 id
278 1045 493 1123 comprobatur
516 1045 568 1121 83,
584 1047 636 1120 31,
661 1047 711 1107 ubi
733 1043 767 1128 p,
794 1047 872 1127 quod
894 1054 979 1107 teuct
993 1045 1092 1126 prima
1108 1046 1156 1121 cl,

129 1133 210 1195 falso
238 1130 357 1212 pedam
385 1132 415 1192 in
439 1133 540 1194 altera
561 1141 610 1194 εει
633 1144 799 1194 exaratum.
838 1131 1002 1194 Contraria
1034 1141 1083 1194 est
1108 1152 1157 1195 res

130 1218 184 1290 38,
209 1219 261 1290 33,
286 1236 343 1298 quo
367 1218 432 1279 loco
454 1221 480 1299 'p
502 1229 655 1281 servatum
680 1239 699 1279 o
722 1220 779 1283 TU
801 1220 831 1280 iu
854 1219 942 1282 PRA
965 1218 1035 1280 aliis
1058 1218 1157 1299 scrip·

130 1314 195 1368 turn
220 1312 269 1365 εει
289 1324 453 1386 passerum.
486 1305 565 1368 Nam
590 1307 621 1368 id
645 1324 760 1388 quoque
782 1306 892 1368 falson]
916 1325 983 1366 esse
997 1324 1068 1366 rere
1084 1307 1157 1369 milri

131 1393 239 1455 videor
261 1410 329 1451 esse
353 1391 497 1453 dicturus.
525 1393 560 1455 In
582 1393 732 1455 milliariis
756 1394 834 1454 enim
859 1391 989 1453 numeris
1013 1411 1157 1472 passuum

131 1479 315 1541 mentionem
346 1478 409 1539 lieri
433 1480 510 1540 satis
534 1488 671 1553 constat,
704 1490 794 1561 atque
817 1479 848 1540 id
877 1479 995 1559 quidem
1019 1480 1058 1540 ad
1081 1479 1159 1540 huuc

131 1566 231 1628 locum
262 1564 413 1644 pertinere
436 1565 515 1627 inira
538 1567 713 1642 ostendam
747 1585 850 1627 verum
874 1566 903 1626 in
928 1567 1060 1627 numeris
1085 1585 1157 1627 cen-

131 1650 260 1713 tenariis
295 1659 348 1712 aut
375 1653 459 1714 fraus
483 1661 531 1713 est
554 1653 745 1714 librariorum
770 1661 823 1714 aut
847 1651 964 1712 Caesar
990 1653 1158 1732 promiscuo

89 1800 93 1805 ,
133 1757 277 1819 passuum
311 1756 453 1799 mensura
480 1759 552 1800 usus
582 1749 630 1800 est
654 1749 685 1800 ει
707 1740 816 1820 pedali.
863 1738 984 1799 Dictum
1008 1748 1056 1800 est
1078 1739 1157 1800 enim

133 1826 185 1902 30,
218 1825 255 1886 12
276 1825 405 1904 fossam
433 1825 527 1888 demit
549 1845 708 1907 paeonum
731 1825 1053 1906 quadrinpentocum‚
1083 1843 1156 1887 cou-

132 1923 183 1974 tra
206 1931 241 1972 ea
267 1910 338 1987 139,
370 1914 389 1974 2
417 1913 669 1975 incendisses..
690 1911 806 1996 pedes
834 1910 1084 1992 quadrinpentoe
1104 1931 1157 1974 re-

131 1998 242 2072 danic
279 2018 315 2059 ac
344 1998 411 2077 pari
445 2000 533 2060 modo
565 1998 615 2073 34,
645 2001 664 2061 5
700 1998 790 2062 collis
819 1999 1007 2060 irascebatur
1038 2018 1158 2080 possess

133 2085 282 2148 ducentos
305 2085 435 2167 infimus
458 2091 604 2166 opertus,
630 2095 662 2147 at
685 2085 737 2160 38,
762 2087 803 2147 20
825 2085 931 2147 aditus
952 2130 982 2146 ..
1006 2083 1158 2147 ducento-

132 2193 207 2234 rum
229 2171 372 2254 pedesne
399 2168 642 2252 relinquebatur.
689 2173 735 2233 De
763 2173 816 2234 illo
846 2172 1093 2250 disceptaverunt
1116 2172 1159 2234 rei

134 2259 277 2321 militaris
300 2259 407 2339 periti,
440 2258 497 2320 hoo
525 2259 618 2320 tacite
642 2279 745 2320 omnes
774 2258 997 2338 praeterierunt
1016 2259 1158 2321 editores.

133 2345 298 2408 Nonnullis
329 2356 429 2407 autem
453 2346 527 2408 locis
550 2346 780 2409 terminationes
803 2355 921 2408 tantum
945 2345 1065 2407 illorum
1086 2366 1156 2408 ver-

132 2435 239 2495 borum
267 2433 297 2493 in
327 2434 565 2495 controversiain
593 2435 696 2496 vocari
718 2445 860 2514 possunt3
896 2452 964 2494 nam
987 2433 1156 2496 dubitatio-

132 2539 199 2582 nem
232 2519 326 2580 habet
354 2540 474 2601 possae
505 2520 557 2594 24,
582 2521 622 2581 30
652 2531 683 2584 ει
712 2523 768 2594 34,
802 2522 871 2583 vide
899 2540 967 2601 pag.
990 2520 1041 2582 51.
1064 2520 1156 2602 pedes

136 2607 208 2681 163,
231 2605 272 2668 39
301 2605 504 2684 improbatum
535 2615 583 2668 est
611 2606 649 2669 ab
679 2608 863 2681 editoribus,
893 2606 1054 2685 probatum
1085 2605 1156 2681 139,

134 2694 184 2755 31.
220 2692 266 2754 Cl.
294 2692 365 2766 139,
390 2695 425 2767 2;
449 2690 478 2754 8.

204 2777 265 2850 Qui
298 2779 379 2840 notis
419 2780 526 2859 scripti
561 2779 641 2841 iuter
682 2798 714 2840 se
754 2780 864 2840 mutari
901 2786 1066 2858 potueruut
1099 2798 1156 2841 nu-

135 2868 209 2928 meri
244 2865 353 2927 mutati
385 2876 464 2928 suut.
487 2885 514 2927 ιι
543 2863 578 2948 (i.
607 2885 632 2926 e.
660 2864 719 2948 11),
748 2885 787 2939 rr,
808 2884 851 2937 rr,
882 2886 904 2926 cr
933 2862 968 2945 (i.
993 2885 1019 2927 ε.
1047 2884 1063 2922 ν
1093 2866 1158 2928 sive

135 2950 287 3035 quinque)
318 2953 545 3015 similitudinem
580 2953 730 3033 quandam
765 2951 936 3027 habebant3
966 2969 1023 3032 quo
1046 2954 1158 3015 lactum

134 3049 199 3113 est,
229 3040 313 3101 utin
339 3039 369 3101 A
394 3039 465 3113 125,
488 3042 507 3101 2
535 3037 562 3101 11
584 3041 613 3101 in
638 3039 700 3101 dno
724 3039 909 3100 converterit
932 3058 969 3100 m.
991 3041 1031 3111 2.,
1066 3048 1157 3122 atque

136 3126 208 3200 139,
227 3126 266 3189 19
289 3127 368 3206 quod
389 3129 491 3188 iuerat
513 3147 535 3186 rr
558 3145 624 3188 cum
647 3146 668 3187 a
690 3145 783 3205 supra
805 3126 854 3187 vel
876 3125 963 3187 iuxta
976 3126 1101 3207 scripto,
1125 3136 1159 3190 ut

133 3221 249 3277 nostra
281 3212 480 3293 significaret,
515 3215 544 3274 in
574 3213 631 3275 PR
664 3213 806 3292 scriptum
836 3214 878 3274 sit
912 3232 956 3273 ,ru
984 3221 1158 3276 remanente

134 3319 228 3380 supra
258 3299 363 3361 littera
390 3321 426 3372 o,
456 3319 548 3382 quare
577 3300 608 3361 in
635 3299 774 3362 seeundo
795 3299 937 3378 deinceps
962 3307 1010 3361 est
1033 3319 1155 3377 permu-

133 3396 241 3450 tatum.
270 3386 344 3448 Pari
367 3389 455 3448 modo
478 3387 530 3461 51,
548 3389 567 3448 2
591 3386 641 3448 luis
663 3419 705 3432 -·
726 3406 797 3448 nem
813 3387 870 3448 hoc
884 3406 939 3465 pro
954 3385 996 3448 ite
1011 3387 1156 3467 scriptum

134 3475 229 3538 fuisse
253 3474 446 3535 statuendum
469 3483 517 3535 est
539 3509 581 3520 -
603 3473 681 3534 abiit
703 3473 734 3534 in
755 3492 828 3545 rur,
852 3473 930 3553 quod
954 3474 1155 3536 exsecuta

134 3561 267 3624 lucuudo
299 3567 451 3637 receptum
480 3561 651 3622 etiamnunc
673 3559 783 3620 retinet
808 3558 983 3622 Schneider.
1019 3558 1090 3633 139,
1116 3559 1153 3622 11

133 3667 175 3706 xv
203 3666 258 3724 pro
287 3666 336 3706 xri
365 3648 464 3707 estin
489 3647 527 3706 V.
554 3644 624 3718 157,
648 3644 689 3706 36
718 3644 769 3706 ubi
791 3644 1009 3708 duodecimam
1030 3647 1077 3708 vel
1101 3666 1152 3707 ιιι

136 3752 240 3794 omnes
274 3732 388 3793 liabent
422 3733 505 3805 cdd„
537 3733 681 3813 quintam
714 3730 868 3794 decimam
897 3730 1053 3811 legendum
1085 3752 1153 3794 esse

136 3817 238 3881 docuit
266 3819 450 3902 Nipperdey.
496 3819 630 3899 Apertus
661 3818 807 3879 eiusmodi
830 3836 914 3880 error
936 3827 983 3880 εει
1009 3819 1079 3892 134,
1103 3819 1155 3892 25,

136 3925 206 3968 nam
229 3904 414 3970 duodecimo
435 3904 510 3980 ΑΜ,
533 3903 766 3986 quintadecima
788 3905 881 3967 ceteri
895 3912 1008 3967 teuent
1042 3905 1153 3970 Utrum
