2616 4492
233 322 276 386 54
588 318 706 384 eisne
734 318 903 383 inarime

235 474 346 538 lelsuin
370 476 426 549 sit,
455 474 491 536 de
513 494 550 536 ea
572 494 604 536 re
627 474 725 536 minus
754 473 834 536 inter
856 490 960 535 omnes
982 472 1138 534 convenit:
1166 478 1259 534 uaiu-

236 582 293 644 que
315 570 349 624 ut
370 561 428 624 hoo
450 562 529 640 apud
552 561 780 643 antiquissimos
802 560 949 634 obtinuit,
973 561 1017 621 sic
1038 560 1112 622 illud
1135 560 1174 622 ab
1191 578 1258 621 om-

234 649 326 712 nibus
348 664 402 729 per
424 649 583 728 sequentia
604 649 727 711 saecula
749 647 858 710 lectum
881 648 948 709 fuit.
983 647 1059 708 Rern
1083 648 1184 727 ipsam
1206 664 1257 708 re-

235 735 401 817 spicientes
430 736 533 814 potius
565 754 630 797 curu
664 735 727 797 illis
759 734 902 804 facimus.
935 741 1025 813 atque
1045 734 1077 795 id
1101 753 1136 795 eo
1160 734 1258 814 magis

237 824 332 905 quod,
363 822 415 883 nbi
445 840 556 902 anceps
591 829 638 882 est
674 823 705 884 in
734 823 866 884 numeris
890 841 908 879 r
932 829 964 881 et
985 839 1011 879 ιι
1034 820 1179 900 scriptio,
1209 821 1259 884 hio

217 909 357 988 ‚spurius
381 928 448 969 esse
470 909 557 969 solet.
602 906 673 978 Qua
694 910 724 970 iu
748 928 780 970 re
802 907 903 970 verbis
927 907 1043 986 aliquot
1065 907 1257 986 interpositis

234 1004 361 1076 utroque
396 1003 518 1056 servato
552 995 679 1056 exhibet
707 994 738 1056 A
767 994 879 1068 160,1
910 992 1077 1055 homiuum
1110 994 1257 1057 dnobus

236 1080 366 1145 milibus
388 1101 427 1144 eu
438 1082 525 1164 fuya
545 1081 714 1162 quicque
735 1078 885 1155 collectis,
913 1078 965 1142 ubi
988 1079 1124 1154 duodece,
1149 1100 1256 1162 quarn·

235 1171 284 1232 vis
314 1169 345 1231 id
378 1169 475 1229 solnm
508 1167 547 1229 ab
578 1167 636 1231 TU
658 1175 808 1242 teneatur,
838 1167 1030 1230 reiicieudum
1055 1174 1111 1228 est.
1157 1167 1257 1230 Simili

237 1255 442 1336 duplicatione
464 1254 548 1316 lacta
570 1254 623 1328 27,
640 1254 691 1328 29;
715 1255 757 1315 30
778 1254 809 1316 in
833 1254 893 1317 TU
915 1254 1082 1334 ceterisque
1106 1253 1189 1316 illius
1204 1274 1255 1335 ge-

236 1343 318 1404 neris
349 1343 415 1404 odd.
439 1349 487 1402 est
518 1341 561 1403 ad
589 1361 640 1404 coe
668 1341 887 1403 duodecimo
919 1341 979 1402 die
1003 1341 1256 1422 proficisceretur

237 1464 254 1476 -
270 1464 286 1475 -
304 1462 321 1475 -
349 1435 377 1490 et
398 1428 534 1490 diebus
557 1427 683 1490 circiter
704 1427 930 1509 quindecim
958 1433 1013 1488 cet.
1060 1424 1124 1505 (Cf.
1148 1427 1254 1490 Petav.
1300 1438 1302 1443 '

240 1513 312 1590 139,
337 1515 378 1576 30
404 1516 528 1577 scrobes
549 1522 629 1576 tres
657 1515 693 1575 iu
715 1511 770 1576 atr.
793 1513 912 1577 trium
930 1513 1070 1596 pedum
1083 1512 1255 1594 fodieban-

238 1609 302 1676 tur,
325 1601 377 1663 ubi
400 1608 462 1663 tres
485 1619 523 1661 ex
547 1599 670 1661 meliore
699 1600 735 1661 ol.
759 1600 916 1684 accessit).
961 1599 1033 1661 Alio
1063 1619 1185 1664 numero
1208 1604 1255 1665 iu·

236 1696 319 1750 certo
349 1689 417 1767 pari
448 1688 535 1748 modo
567 1688 717 1767 geminato
746 1686 799 1760 83,
824 1689 876 1763 31;
899 1688 940 1748 32
963 1685 1088 1749 liberius
1111 1697 1255 1771 transpo-

236 1776 305 1837 sitis
339 1775 440 1834 verbis
474 1775 505 1835 in
538 1773 643 1836 iisdem
677 1774 742 1835 cdd.
765 1775 889 1854 legitur:
918 1775 1042 1834 decern
1073 1771 1201 1839 milium
1222 1775 1256 1837 iu

236 1861 372 1924 circuitu
403 1860 610 1923 meruitiouem
640 1861 756 1941 pedum
785 1881 834 1920 xv
856 1862 1067 1942 perfecerunt,
1103 1882 1161 1942 quo
1192 1863 1255 1924 loeo

235 1948 420 2010 subditivum
456 1965 608 2008 numerum
642 1948 730 2009 multi
762 1948 980 2028 praetulerunt.
1031 1947 1079 2008 De
1112 1948 1257 2012 eiusmodi

235 2035 400 2097 munitione
424 2032 475 2107 38,
499 2034 539 2094 33
563 2035 611 2095 his
634 2034 736 2096 uerbis
759 2037 790 2096 in
813 2034 870 2096 PR
894 2034 1005 2095 mentio
1028 2035 1076 2095 fit:
1099 2034 1188 2099 uallo
1199 2056 1256 2118 pc·

235 2122 311 2185 dum
339 2121 375 2183 iu
403 2120 573 2183 circuitum
599 2122 776 2200 quindecim
798 2118 924 2182 milium
947 2121 1124 2201 crebrisque
1146 2120 1256 2185 castel-

235 2206 277 2270 lis
299 2207 555 2280 circummuniti,
580 2226 655 2287 quae
680 2209 755 2270 vitio
780 2208 1006 2270 consuetudinis
1029 2208 1074 2268 ita
1097 2209 1136 2270 ab
1160 2211 1258 2272 altera

236 2295 273 2356 cl.
298 2295 477 2356 redduntur:
512 2293 599 2357 uallo
627 2301 659 2372 ᾗ.
683 2311 755 2356 x11.
779 2295 981 2358 incircuitu
1009 2296 1085 2357 nii.
1110 2297 1257 2380 crebrior.

236 2389 293 2443 oet.
336 2381 541 2442 Nihilominus
575 2382 650 2442 haee
682 2382 751 2461 ipsa
780 2383 929 2442 communi
958 2383 1086 2444 omnium
1111 2402 1259 2446 consensu

236 2468 480 2546 comprobantur,
504 2468 549 2527 ita
571 2487 642 2528 vero
664 2479 697 2530 ut
719 2487 757 2529 ex
780 2467 955 2529 melioribus
978 2469 1008 2530 id
1032 2470 1144 2544 solum,
1181 2473 1258 2552 quod

237 2554 346 2616 falsum
371 2562 436 2627 est,
455 2554 574 2635 pedum
596 2555 679 2627 dico,
704 2556 880 2628 retineatur,
904 2561 1009 2634 utpote
1025 2556 1103 2637 quod
1119 2576 1186 2621 curn
1202 2580 1257 2621 nu-

236 2661 317 2704 mero
341 2641 465 2701 insitivo
490 2640 607 2719 egregie
630 2641 800 2703 conveniat.
885 2662 889 2671 ·

299 2726 386 2798 Quae
409 2727 440 2788 in
463 2727 545 2788 Livii
568 2727 764 2808 aliorumque·
777 2727 865 2790 libris
887 2726 978 2790 milio
995 2749 1049 2809 per
1063 2731 1120 2791 duo
1137 2730 1179 2791 M
1192 2751 1258 2793 ser·

236 2823 309 2876 vata
333 2815 504 2895 antiquiore
527 2815 698 2876 litterarum
721 2818 818 2877 lorma
839 2836 893 2874 mm
916 2825 1079 2895 usurpetur
1106 2817 1259 2880 scribendi

236 2903 331 2976 ratio,
355 2920 392 2962 ea
413 2902 483 2963 siin
501 2900 697 2963 Caesarianis
713 2903 787 2975 luit,
812 2903 928 2966 abolita
944 2913 1000 2964 est.
1034 2903 1142 2965 Fuisse
1158 2914 1257 2967 autern

235 2990 413 3050 documento
438 2997 507 3049 sunt
530 3008 606 3070 quae
631 2991 701 3064 140,
726 2992 765 3051 33
788 2989 819 3049 in
841 2989 867 3050 P
891 2998 1067 3052 rnenseruut
1088 2992 1259 3053 certissime

235 3075 381 3153 vestigia3
405 3095 475 3135 uem
493 3095 547 3134 mm
569 3076 608 3137 ad
626 3076 853 3139 similitudinem
877 3095 950 3138 oooo
984 3086 1110 3139 extenta
1125 3079 1257 3142 radendo

236 3163 265 3225 in
300 3178 353 3223 xx
391 3170 495 3242 aperte
535 3171 605 3223 sunt
641 3171 841 3237 commutata,
881 3165 1131 3244 quemadmodum
1166 3167 1198 3229 in
1231 3168 1260 3230 R

236 3247 320 3311 nulle
353 3266 460 3310 rasura
494 3257 669 3324 carnuntum
704 3269 757 3312 cur
787 3258 888 3311 autem
918 3251 947 3312 in
977 3251 1008 3313 A
1038 3252 1153 3314 omissa
1183 3255 1258 3328 siut,

238 3336 344 3398 eadem
367 3355 399 3396 re
421 3337 610 3416 perspicuum
640 3338 690 3412 fit,
726 3340 761 3399 ol.
784 3358 812 3418 p.
840 3336 887 3397 17.
933 3336 994 3400 Sed
1016 3347 1050 3401 ut
1072 3358 1110 3400 ex
1132 3361 1186 3400 mm
1209 3361 1259 3403 or·

235 3432 299 3486 tum
336 3430 385 3483 est
415 3443 476 3493 xrs,
518 3423 564 3483 ita
594 3442 632 3484 ex
667 3445 747 3484 mmm
780 3426 951 3486 necessario
987 3447 1055 3485 xxx
1097 3427 1259 3490 oriebatur.

239 3509 328 3582 Quod
351 3510 457 3589 paucis
479 3509 617 3572 versibus
640 3519 726 3585 ante,
752 3512 829 3583 140,
852 3509 909 3583 25,
933 3512 1095 3593 contigisse
1119 3515 1259 3595 suspice·

237 3606 287 3659 tus
310 3616 419 3657 novam
441 3595 523 3658 viem
546 3598 732 3676 perdifficilis
755 3599 837 3660 illius
860 3596 918 3659 loci
941 3600 1120 3662 emendandi
1143 3603 1226 3664 inivi.

301 3681 419 3754 Quibus
443 3683 473 3745 in
497 3684 628 3745 numeris
651 3686 793 3747 notandis
816 3684 919 3764 plures
942 3686 1041 3747 lineae
1075 3688 1189 3750 directe
1223 3690 1261 3752 ad

236 3770 481 3850 perpendiculum
515 3771 717 3846 ducebantur,
752 3773 782 3833 hi
815 3772 943 3851 singulis
973 3773 1021 3834 vel
1052 3773 1182 3854 demptis
1213 3777 1260 3839 vel

239 3858 352 3918 additis
375 3857 573 3918 mutabantur
595 3858 722 3920 lineolis.
768 3858 812 3922 Ut
837 3857 912 3932 149,
939 3859 979 3921 14
1002 3879 1076 3934 uon,
1113 3863 1192 3942 quod
1216 3871 1262 3926 est

238 3943 269 4003 in
303 3943 430 4014 ceteris,
464 3965 487 4001 x
520 3945 549 4022 §r
581 3964 660 4018 νιιι,
688 3944 748 4006 ‘sed
780 3968 802 4005 x
833 3946 862 4024 §r
895 3964 969 4004 eurr
1003 3946 1098 4008 habet
1131 3949 1176 4024 R,
1218 3952 1262 4013 ita

238 4028 331 4091 etiam
363 4029 394 4090 in
422 4030 528 4108 primis
557 4031 623 4093 edd.
647 4032 756 4113 legitur
776 4032 990 4095 decemnovem
1034 4033 1158 4098 PRAM
1182 4038 1259 4113 142,
