2616 4492
437 294 505 341 nra.
521 293 582 341 vrr.
604 293 681 339 cer.
697 274 834 340 ott-69.
1088 275 1150 338 137

130 431 235 513 pedire
256 431 361 511 coepit
396 429 467 502 Qua
488 453 520 495 re
543 433 684 495 nuntiata
698 431 814 494 Caesar
831 449 918 493 sunm
933 449 1051 511 quoque
1065 431 1150 510 equi-

133 529 231 580 tatum
259 518 409 598 tripertito
438 519 568 581 divisum
595 528 702 580 contra
723 519 842 579 hostem
864 517 908 578 ire
931 516 1023 578 iubet.
1067 516 1152 596 Pug-

132 615 224 666 natur
246 624 306 665 una
328 606 465 667 omnibus
487 606 518 666 in
540 605 685 684 partibus.
720 603 864 666 Constitit
879 621 999 683 agmen3
1022 602 1151 682 impedi-

133 698 236 752 menta
264 691 344 752 inter
366 691 496 772 legiones
519 693 708 771 recipiuntur.
755 690 789 752 Si
812 709 871 770 qua
893 690 924 751 in
946 697 1033 769 parte
1057 688 1152 749 nostri

132 778 271 838 laborare
305 786 358 838 aut
390 779 510 858 gravius
538 778 632 857 premi
653 778 844 850 videbantur,
880 796 915 837 eo
943 776 1029 855 signa
1050 773 1181 835 inferris

134 864 250 924 Caesar
272 864 423 944 aciemque
446 864 588 926 constitui
610 864 748 937 iubebat3
773 882 849 943 quae
871 882 919 923 res
942 871 973 923 et
994 862 1097 924 hostes
1114 862 1153 922 ad

133 949 352 1028 insequendum
378 952 521 1013 tardabat
548 960 578 1012 et
599 959 720 1012 nostros
743 969 796 1028 spe
820 948 923 1010 auxilii
945 948 1153 1010 confirmabat

135 1037 272 1097 Tandem
295 1035 439 1099 Germani
461 1039 498 1099 ab
522 1039 627 1098 dextro
650 1037 744 1098 latere
767 1054 914 1097 summum
931 1035 1032 1115 iugum
1052 1032 1154 1097 nancti

134 1122 237 1183 hostes
271 1123 335 1184 loco
369 1124 537 1203 depellunt;
569 1124 716 1203 fugientes
750 1142 844 1201 usque
873 1122 911 1181 ad
945 1122 1070 1193 flumen,
1105 1119 1155 1180 ubi

135 1208 365 1288 Vercingetorix
397 1229 462 1270 cum
490 1211 677 1289 pedestribus
704 1208 797 1288 copiis
820 1209 1014 1282 consederat,
1048 1226 1199 1286 perse-10

136 1304 269 1373 quuntur
302 1295 526 1375 compluresque
553 1296 743 1357 interficiunt
788 1292 859 1363 Qua
885 1314 917 1354 re
945 1294 1157 1354 animadversa

137 1380 257 1460 reliqui,
281 1401 319 1442 ne
341 1382 570 1456 circumirentur,
594 1382 682 1443 veriti
704 1402 737 1441 se
758 1382 846 1460 fugae
864 1382 1018 1441 mandant.
1048 1377 1157 1439 Omni-

138 1468 195 1528 bus
229 1467 300 1528 locis
327 1469 369 1528 .fit
401 1469 517 1530 caedes.
573 1467 648 1529 'l'res
676 1467 854 1528 nobilissimi
881 1465 983 1527 Aedui
1010 1464 1091 1544 capti
1118 1465 1158 1525 ad

139 1553 301 1614 Caesarem
334 1555 550 1634 producuntur:
585 1553 693 1627 Cotus,
728 1554 895 1633 praefectus
924 1552 1084 1631 equitum,‘3
1108 1549 1158 1630 qui

138 1640 373 1701 controversiam
405 1659 471 1700 cnm
504 1640 736 1702 Convictolitavi
767 1638 911 1718 proximis
945 1636 1071 1698 comitiis
1099 1636 1158 1697 ha-
1173 1662 1200 1699 15

139 1727 262 1797 buerat,
286 1734 317 1786 et
339 1725 524 1797 Cauarillus,
554 1726 603 1805 qni
624 1734 695 1805 post
717 1725 911 1786 defectionem
934 1722 1080 1784 Litavicci
1101 1742 1157 1801 pe-

139 1812 292 1873 destribus
315 1812 406 1891 copiis
428 1813 616 1890 praefuerat,
641 1820 671 1872 et
692 1810 893 1890 Eporedorix,
917 1829 975 1889 quo
999 1811 1072 1870 duce
1089 1817 1160 1869 ante

140 1899 302 1958 adventum
320 1897 461 1959 Caesaris
477 1897 577 1959 Aedui
593 1917 657 1958 cum
674 1896 823 1976 Sequanis
838 1896 916 1957 bello
933 1897 1159 1956 contenderant

205 1984 323 2064 Fugato
358 1984 438 2045 omni
472 1984 607 2064 equitatu
634 1983 863 2062 Vercingetorix
893 1982 1011 2061 copias,
1045 1990 1079 2042 ut
1105 1987 1203 2060 prob8

142 2070 250 2131 castris
279 2071 500 2143 conlocauerat,
529 2070 647 2131 reduxit
674 2070 870 2150 protinusque
892 2068 1046 2141 Alesiam,
1081 2068 1161 2147 quod
1175 2094 1204 2131 20

144 2167 192 2216 est
215 2157 356 2236 oppidum
377 2157 624 2230 Mandubiorum,
647 2157 705 2218 iter
726 2157 824 2218 lacere
847 2156 945 2234 coepit
967 2153 1161 2233 celeriterque

142 2243 356 2322 impedimenta
378 2263 415 2305 ex
437 2243 546 2305 castris
569 2243 653 2305 educi
677 2251 761 2304 etse
785 2241 926 2321 subsequi
947 2240 1045 2302 iussit
1080 2239 1161 2301 Cae-

143 2349 195 2390 sar
216 2329 436 2407 impedimentis
459 2331 490 2391 in
512 2330 680 2410 proximum
702 2329 807 2391 collem
830 2327 964 2390 deductis
985 2328 1102 2389 duabus
1118 2327 1162 2387 le-

144 2416 280 2496 gionibus
308 2417 458 2495 praesidio
486 2416 598 2478 relictis
626 2425 758 2489 secutus,
793 2423 939 2495 quantum
962 2413 1021 2475 diei
1043 2424 1162 2492 tempus

145 2511 193 2562 est
214 2521 353 2580 passum,
382 2503 498 2564 circiter
520 2503 616 2569 tribus
639 2503 760 2563 milibus
782 2502 914 2563 hostium
939 2519 976 2560 ex
998 2499 1205 2563 novissimum

143 2588 261 2668 agmine
283 2589 447 2651 interiectis
469 2589 565 2651 altero
589 2589 636 2649 die
651 2590 691 2649 ad
705 2588 844 2650 Alesiam
860 2578 1052 2649 castra'fecit.
1085 2585 1164 2646 Per-

145 2682 247 2752 specto
275 2675 356 2735 urbis
384 2676 445 2736 situ
471 2675 696 2754 perterritisque
722 2675 876 2747 hostibus,
905 2674 984 2753 qnod
1013 2672 1163 2751 equitatu,

146 2771 207 2839 qua
228 2761 357 2820 maxime
378 2769 463 2839 parte
487 2761 634 2822 exercitus
657 2761 861 2834 confidebant,
886 2769 974 2820 erant
988 2758 1083 2836 pulsi,
1107 2758 1164 2819 ad-

146 2845 288 2905 hortatus
310 2847 349 2905 ad
370 2845 503 2906 laborem
526 2846 634 2907 milites
657 2846 883 2906 circumvallare
904 2844 1043 2906 instituit.

214 2931 316 3009 Ipsum
339 2939 405 2991 erat
427 2931 568 3009 oppidum
590 2930 699 2992 Alesia
713 2932 745 2992 in
759 2932 834 2992 colle
850 2950 981 3004 summo,
1005 2930 1209 2991 admodum69

147 3017 229 3077 edito
257 3016 337 3090 loco,
371 3024 406 3076 ut
438 3015 496 3076 nisi
523 3016 676 3077 obsidione
702 3017 867 3098 expugnari
889 3036 949 3077 non
970 3035 1060 3095 posse
1081 3015 1166 3075 vide-
1181 3042 1204 3079 ει

148 3113 244 3176 retur3
268 3102 352 3163 cuius
375 3101 459 3163 collis
481 3102 596 3162 radices
620 3103 677 3163 duo
700 3104 816 3164 duabus
840 3122 877 3163 ex
891 3103 1029 3180 partibus
1044 3101 1168 3162 flumina

149 3189 337 3251 subluebant.
381 3188 466 3249 Ante
487 3187 519 3249 id
541 3187 681 3266 oppidum
704 3188 844 3267 planities
864 3187 980 3249 circiter
995 3187 1079 3248 milia
1093 3204 1168 3265 pas-

150 3296 236 3337 suum
264 3276 325 3336 tria
351 3274 383 3336 in
410 3274 628 3354 longitudinem
655 3276 794 3352 patebat:
824 3274 946 3353 reliquis
970 3293 1008 3334 ex
1030 3272 1168 3333 omnibus

150 3363 285 3442 partibus
319 3361 410 3423 colles
438 3361 579 3422 mediocri
606 3360 761 3421 interiecto
790 3361 888 3440 spatio
910 3360 977 3439 pari
1000 3357 1168 3419 altitudinis
1183 3386 1211 3424 ³5

149 3449 269 3528 fastigio
303 3448 444 3527 oppidum
477 3447 643 3527 cingebant.
689 3446 753 3507 Sub
781 3465 864 3507 muro
893 3465 970 3525 quae
991 3464 1063 3524 pars
1086 3443 1169 3505 collis

152 3537 190 3597 ed
214 3536 360 3596 orientem
389 3534 480 3595 solem
505 3534 677 3613 spectabat,
706 3534 785 3593 hunc
808 3551 925 3594 omnem
947 3531 1044 3592 locum
1066 3530 1170 3610 copiae

152 3622 310 3683 Gallorum
333 3622 556 3701 compleverant
577 3621 748 3700 fossamque
772 3629 802 3680 et
825 3618 983 3679 maceriam
1007 3637 1061 3678 sex
1074 3617 1105 3678 in
1121 3616 1169 3678 al-

152 3709 308 3769 titudinem
331 3709 440 3787 pedum
463 3709 694 3786 praeduxerant.
731 3705 805 3766 Eius
825 3704 1016 3777 munitionis,
1040 3723 1116 3783 quae
1132 3704 1171 3764 ab

153 3794 300 3855 Romanis
328 3793 553 3866 instituebatur,
584 3793 722 3853 circuitus
750 3807 790 3852 XI
815 3790 896 3852 milia
917 3809 1061 3870 passuum
1083 3799 1170 3851 tene·
1188 3811 1215 3848 m

153 3883 217 3941 bat
262 3881 372 3941 Castra
399 3880 576 3960 opportunis
598 3879 670 3940 locis
694 3889 781 3939 erant
804 3877 903 3956 posita
925 3877 1025 3956 ibique
1047 3877 1174 3938 castella

155 3980 250 4029 xxm
278 3969 374 4040 iacta,
403 3967 510 4047 quibus
538 3965 569 4027 in
597 3965 729 4028 castellis
751 3963 882 4026 interdiu
904 3963 1050 4026 stationes
1077 3983 1173 4044 pone-
