2616 4492
316 244 385 359 nis.
401 309 434 357 V.
456 308 534 358 cur.
548 293 600 357 57.
622 330 666 342 -
686 310 755 358 ura.
771 308 818 358 vr.
841 309 917 358 oar.
933 295 962 358 3.
1105 294 1145 358 91

517 533 674 606 LIBER
698 532 762 606 VI.

195 702 301 765 Multis
330 701 367 763 de
394 703 492 764 causis
515 703 631 766 Caesar
652 704 795 766 maiorem
817 701 935 765 Galliae
959 711 1071 764 motum
1094 708 1177 765 ex·l

132 799 272 868 spectans
300 808 354 868 per
381 788 518 851 Marcum
542 789 695 864 Silanum,
729 789 839 852 Gaium
864 789 1033 851 Antistium
1055 790 1177 870 Regi-e

131 893 219 948 num,
254 875 357 938 Titum
385 874 523 937 Sextium
550 877 667 957 legatos
696 876 835 938 dilectum
862 875 974 938 habere
1001 877 1149 951 institnit;

132 960 222 1023 simul
254 963 293 1023 ab
322 960 407 1023 Gneo
429 961 577 1041 Pompeio
595 963 774 1043 proconsule
795 962 887 1042 petit,
921 962 1061 1042 qnoniam
1084 963 1149 1040 ipse

131 1049 172 1108 ad
194 1049 297 1109 urbem
319 1066 386 1108 cnm
408 1047 532 1127 imperio
555 1049 735 1128 reipublicae
758 1067 851 1110 causa
865 1057 1051 1120 remaneret,
1074 1068 1149 1129 quos

132 1152 170 1194 ex
202 1134 348 1213 cisalpina
380 1133 485 1196 Gallia
517 1136 648 1197 consulis
676 1144 863 1197 sacramento
892 1135 1075 1215 rogavisset,
1110 1135 1150 1196 ad

132 1219 220 1300 signa
247 1220 404 1282 convenire
432 1229 462 1281 et
484 1223 523 1282 ad
546 1241 579 1283 se
600 1222 749 1301 proficisci
770 1221 900 1293 iuberet,
928 1221 1029 1300 magni
1050 1221 1147 1282 inter·
1168 1246 1193 1285 ro

131 1325 198 1367 esse
220 1307 311 1368 etiam
326 1307 365 1367 in
387 1306 532 1385 reliquum
555 1317 673 1388 tempus
696 1309 736 1369 ad
757 1307 927 1386 opinionem
950 1305 1070 1368 Galliae
1084 1307 1149 1368 exi-

131 1392 258 1453 stimans
280 1403 384 1455 tantas
406 1393 503 1455 videri
524 1394 633 1455 Italiae
654 1393 828 1467 facultates,
852 1402 900 1468 ut,
929 1393 955 1453 si
978 1394 1048 1474 quid
1070 1402 1151 1455 esset

131 1477 163 1538 in
185 1478 264 1540 bello
286 1479 456 1541 detrimenti
479 1488 650 1558 acceptum,
672 1499 733 1541 non
754 1481 842 1540 modo
865 1479 897 1540 id
915 1480 1000 1541 brevi
1015 1488 1150 1558 tempore

132 1565 288 1639 resarciri,
312 1567 366 1627 sed
389 1566 480 1626 etiam
503 1565 667 1627 maioribus
687 1566 789 1646 augeri
805 1565 899 1644 copiis
913 1574 1026 1644 posset.
1060 1563 1151 1634 Quod

131 1669 199 1711 cnm
226 1650 388 1730 Pompeius
416 1659 447 1712 et
475 1651 656 1729 reipublicae
679 1660 710 1712 et
730 1651 877 1712 amicitiae
896 1652 1069 1724 tribuisset,
1098 1670 1149 1713 ce·
1169 1664 1195 1703 ¹⁶

131 1735 236 1797 leuiter
257 1738 389 1797 confecto
411 1756 467 1816 per
489 1756 559 1797 suos
582 1737 691 1798 dilectu
712 1737 806 1797 tribus
830 1747 900 1797 ante
923 1748 1062 1798 exactem
1083 1737 1150 1798 hie-

131 1841 212 1883 mem
245 1831 276 1883 et
309 1822 480 1884 constitutis
515 1831 546 1882 et
578 1822 714 1884 adductis
747 1822 913 1903 legionibus
941 1823 1150 1905 duplicatoque

133 1926 236 1969 earnm
259 1909 424 1970 cohortium
446 1926 586 1984 numero,
610 1928 684 1988 ques
708 1928 774 1969 cum
797 1906 835 1977 Q.
858 1908 974 1970 Titurio
997 1909 1150 1983 amiserat,

133 2003 165 2054 et
191 1994 342 2056 celeritate
369 2003 400 2056 et
421 1995 514 2074 copiis
537 1995 653 2068 docuit,
687 1995 757 2074 quid
779 1994 882 2075 populi
903 1995 1035 2057 Romani
1057 1995 1149 2058 disci-

131 2079 215 2160 plina
237 2090 327 2161 atque
348 2100 421 2161 opes
443 2090 579 2160 possent.
1166 2095 1195 2134 ²⁰

196 2166 356 2229 Interfecto
378 2167 601 2241 Indutiomaro,
623 2175 658 2228 ut
680 2166 847 2240 docuimus,
877 2168 916 2228 ad
939 2167 1002 2228 eius
1025 2168 1180 2247 propin-2

132 2271 205 2332 quos
233 2273 253 2314 a
280 2254 421 2316 Treveris
448 2253 606 2334 imperium
634 2255 772 2314 defertur.
824 2252 872 2313 Illi
900 2253 1043 2315 finitimos
1070 2252 1151 2316 Ger·

131 2357 237 2401 manos
260 2340 422 2402 sollicitare
444 2348 475 2401 et
496 2340 656 2419 pecuniam
669 2339 801 2419 polliceri
816 2358 877 2400 non
894 2340 1050 2402 desistunt.
1075 2340 1152 2402 Cum

131 2426 171 2486 ab
198 2427 342 2505 proximis
368 2427 530 2505 impetrare
557 2446 618 2488 non
644 2435 784 2506 possent,
812 2426 968 2487 ulteriores
991 2434 1150 2506 temptant

131 2511 266 2574 Inventis
293 2513 446 2574 nonnullis
474 2513 646 2575 civitatibus
669 2512 860 2573 iureiurando
882 2512 962 2573 inter
984 2533 1017 2574 se
1039 2513 1150 2574 confir·
1166 2528 1195 2567 π

132 2607 217 2658 mant
249 2599 461 2679 obsidibusque
494 2599 531 2659 de
557 2599 684 2678 pecunia
710 2608 833 2671 cavent;
866 2597 1070 2679 Ambiorigem
1093 2598 1151 2660 sibi

132 2683 275 2745 societate
308 2693 338 2744 et
370 2686 488 2746 foedere
522 2686 696 2766 adiungunt.
751 2682 869 2753 Quibus
903 2686 992 2746 rebus
1026 2685 1150 2765 cognitis

134 2768 256 2843 Caesar,
273 2789 338 2829 cum
355 2771 486 2849 undiquc
499 2770 609 2832 bellum
625 2770 728 2850 pareri
741 2771 868 2842 videret,
883 2770 1024 2846 Nervios,
1039 2771 1150 2832 Adua-

134 2863 221 2913 tucos
255 2873 290 2915 ao
321 2855 481 2934 Menapios
514 2857 662 2917 adiunctis
691 2857 877 2917 cisrhenanis
906 2857 1042 2918 omnibus
1071 2856 1151 2919 Ger-

133 2938 231 2999 manis
254 2958 320 3000 esse
341 2940 373 3000 in
396 2940 502 3014 armis,
538 2941 672 3002 Senones
700 2943 740 3003 ad
765 2943 945 3021 imperatum
968 2961 1027 3003 nou
1041 2943 1151 3005 uenire
1167 2955 1196 2993 ³⁰

134 3033 165 3086 et
198 3043 264 3085 curn
293 3024 476 3086 Carnutibus
503 3025 696 3107 finitimisque
723 3028 896 3089 civitatibus
919 3028 1045 3089 consilia
1068 3048 1151 3090 com-

133 3110 299 3186 municare,
328 3131 347 3172 a
373 3111 513 3172 Treveris
536 3110 706 3173 Germanos
729 3114 842 3174 crebris
864 3112 1062 3193 legationibus
1085 3114 1150 3175 sol-

132 3197 256 3271 licitari,
279 3197 425 3259 maturius
448 3197 506 3258 sibi
530 3199 567 3258 de
588 3196 667 3259 bello
688 3199 878 3278 cogitandum
893 3200 1021 3278 putavit.
1044 3201 1182 3279 Itaque3

134 3286 265 3345 nondum
288 3285 386 3345 hieme
409 3285 544 3345 confecta
565 3283 710 3364 proximis
734 3293 876 3363 quattuor
896 3286 1009 3346 coactis
1024 3284 1150 3366 legioni-

132 3372 189 3433 bus
212 3372 249 3432 de
271 3370 434 3450 improviso
456 3371 488 3431 in
510 3372 584 3431 fines
607 3369 784 3431 Nerviorum
808 3370 960 3432 contendit
980 3379 1026 3444 et,
1048 3372 1150 3451 prius·
1167 3392 1196 3433 es

133 3477 222 3537 quem
244 3456 288 3518 illi
311 3466 364 3518 aut
386 3457 545 3518 convenire
568 3465 620 3519 aut
640 3458 795 3536 profugere
809 3467 950 3536 possent,
974 3476 1082 3537 magno
1096 3477 1151 3538 pe-

134 3544 212 3605 eoris
240 3554 330 3624 atque
352 3543 505 3604 hominum
528 3562 649 3604 numero
673 3551 761 3622 capto
784 3552 876 3622 atque
900 3564 936 3605 ea
957 3546 1071 3623 praeda
1092 3545 1150 3605 mi-

133 3630 237 3692 litibus
271 3649 416 3691 conoesse
448 3630 644 3728 vastatisque·
669 3629 749 3710 agris
782 3629 815 3691 in
842 3630 1023 3692 deditionem
1051 3631 1151 3692 venire

134 3724 225 3796 utque
247 3715 366 3778 obsides
389 3716 446 3777 sibi
470 3717 541 3778 dare
564 3715 670 3796 coegit.
706 3716 751 3776 Εο
773 3716 908 3778 celeriter
923 3718 1055 3778 confecto
1075 3737 1150 3800 neg-

134 3803 195 3863 otio
217 3822 320 3864 rursus
342 3802 374 3863 in
395 3803 521 3863 hiberna
541 3803 672 3902 legiones
695 3803 822 3864 reduxit.
1167 3804 1196 3843 ⁴⁰

219 3888 353 3951 Concilio
380 3887 501 3950 Galliae
523 3889 619 3968 primo
641 3908 727 3961 vere,
754 3898 789 3950 ut
810 3889 858 3950 ins
861 3888 999 3961 timeret,
1021 3862 1149 3964 indicto,

136 3992 202 4034 oum
225 3974 330 4055 reliqui
352 3984 472 4055 praeter
494 3974 644 4050 Senones,
673 3975 837 4049 Carnutes,
867 3976 1074 4056 Treverosque
1094 3996 1150 4038 re-
