<?xml version="1.0" encoding="UTF-8"?>
<!DOCTYPE html PUBLIC "-//W3C//DTD XHTML 1.0 Transitional//EN"
    "http://www.w3.org/TR/xhtml1/DTD/xhtml1-transitional.dtd">
<html xmlns="http://www.w3.org/1999/xhtml" xml:lang="en" lang="en">
 <head>
  <title>
</title>
<meta http-equiv="Content-Type" content="text/html;charset=utf-8" />
  <meta name='ocr-system' content='tesseract 3.04.00' />
  <meta name='ocr-capabilities' content='ocr_page ocr_carea ocr_par ocr_line ocrx_word'/>
</head>
<body>
  <div class='ocr_page' id='page_1' title='image "./debellogallicol00friggoog_0326.png"; bbox 0 0 2616 4492; ppageno 0'>
   <div class='ocr_carea' id='block_1_1' title="bbox 480 247 1149 314">
    <p class='ocr_par' dir='ltr' id='par_1_1' title="bbox 480 247 1149 314">
     <span class='ocr_line' id='line_1_1' title="bbox 480 247 1149 314; baseline 0.016 -11"><span class='ocrx_word' id='word_1_1' title='bbox 480 255 527 305; x_wconf 82' lang='lat' dir='ltr'><strong>on</strong></span> <span class='ocrx_word' id='word_1_2' title='bbox 550 256 800 308; x_wconf 83' lang='lat' dir='ltr'><strong>otuss1onteos.</strong></span> <span class='ocrx_word' id='word_1_3' title='bbox 1111 247 1149 314; x_wconf 92' lang='lat' dir='ltr'><strong>ll</strong></span> 
     </span>
    </p>
   </div>
   <div class='ocr_carea' id='block_1_2' title="bbox 130 382 1191 654">
    <p class='ocr_par' dir='ltr' id='par_1_2' title="bbox 130 382 1191 654">
     <span class='ocr_line' id='line_1_2' title="bbox 130 382 1191 544; baseline 0.008 -87"><span class='ocrx_word' id='word_1_4' title='bbox 130 395 167 542; x_wconf 58' lang='lat' dir='ltr'><strong>{u</strong></span> <span class='ocrx_word' id='word_1_5' title='bbox 181 403 255 544; x_wconf 59' lang='lat' dir='ltr'><strong>pplst</strong></span> <span class='ocrx_word' id='word_1_6' title='bbox 274 394 393 457; x_wconf 82' lang='lat' dir='ltr'><strong>boetem</strong></span> <span class='ocrx_word' id='word_1_7' title='bbox 418 393 558 497; x_wconf 38' lang='grc'>151,.40,</span> <span class='ocrx_word' id='word_1_8' title='bbox 582 405 653 474; x_wconf 88' lang='lat' dir='ltr'><strong>post</strong></span> <span class='ocrx_word' id='word_1_9' title='bbox 667 397 780 500; x_wconf 72' lang='lat' dir='ltr'><strong>t&#39;t’rdam</strong></span> <span class='ocrx_word' id='word_1_10' title='bbox 803 399 875 474; x_wconf 88' lang='grc'>153,</span> <span class='ocrx_word' id='word_1_11' title='bbox 892 401 943 476; x_wconf 85' lang='grc'><strong>25,</strong></span> <span class='ocrx_word' id='word_1_12' title='bbox 964 409 1036 482; x_wconf 89' lang='lat' dir='ltr'><strong>post</strong></span> <span class='ocrx_word' id='word_1_13' title='bbox 1058 402 1153 503; x_wconf 71' lang='lat' dir='ltr'><strong>etiam</strong></span> <span class='ocrx_word' id='word_1_14' title='bbox 1188 382 1191 388; x_wconf 29' lang='lat'>²</span> 
     </span>
     <span class='ocr_line' id='line_1_3' title="bbox 133 482 1153 654; baseline 0.004 -21"><span class='ocrx_word' id='word_1_15' title='bbox 133 483 207 645; x_wconf 68' lang='lat' dir='ltr'><strong>dl,</strong></span> <span class='ocrx_word' id='word_1_16' title='bbox 233 482 1153 654; x_wconf 62' lang='lat' dir='ltr'><strong>1t⁰t¹t¹¹tttt¹¹nl⁰tl{ttulit{tlttltttz</strong></span> 
     </span>
    </p>
   </div>
   <div class='ocr_carea' id='block_1_3' title="bbox 131 652 1170 4036">
    <p class='ocr_par' dir='ltr' id='par_1_3' title="bbox 131 652 1154 828">
     <span class='ocr_line' id='line_1_4' title="bbox 131 652 1154 742; baseline 0.003 -22"><span class='ocrx_word' id='word_1_17' title='bbox 131 659 195 721; x_wconf 90' lang='lat' dir='ltr'><strong>isse</strong></span> <span class='ocrx_word' id='word_1_18' title='bbox 219 663 356 734; x_wconf 83' lang='lat' dir='ltr'><strong>apparet.</strong></span> <span class='ocrx_word' id='word_1_19' title='bbox 402 652 491 724; x_wconf 84' lang='lat' dir='ltr'><strong>Quod</strong></span> <span class='ocrx_word' id='word_1_20' title='bbox 514 665 561 718; x_wconf 86' lang='lat' dir='ltr'><strong>est</strong></span> <span class='ocrx_word' id='word_1_21' title='bbox 583 657 635 731; x_wconf 85' lang='lat'><strong>36,</strong></span> <span class='ocrx_word' id='word_1_22' title='bbox 658 660 678 719; x_wconf 89' lang='lat'>4</span> <span class='ocrx_word' id='word_1_23' title='bbox 701 679 761 741; x_wconf 83' lang='lat' dir='ltr'><strong>quo</strong></span> <span class='ocrx_word' id='word_1_24' title='bbox 784 680 821 721; x_wconf 79' lang='lat' dir='ltr'><strong>tre</strong></span> <span class='ocrx_word' id='word_1_25' title='bbox 844 661 889 722; x_wconf 88' lang='lat' dir='ltr'><strong>ita</strong></span> <span class='ocrx_word' id='word_1_26' title='bbox 911 661 984 724; x_wconf 89' lang='lat' dir='ltr'><strong>oriri</strong></span> <span class='ocrx_word' id='word_1_27' title='bbox 1006 661 1106 742; x_wconf 88' lang='lat' dir='ltr'><strong>potuit</strong></span> <span class='ocrx_word' id='word_1_28' title='bbox 1127 661 1154 724; x_wconf 84' lang='lat' dir='ltr'><strong>si</strong></span> 
     </span>
     <span class='ocr_line' id='line_1_5' title="bbox 131 740 760 828; baseline 0.003 -23"><span class='ocrx_word' id='word_1_29' title='bbox 131 762 227 828; x_wconf 78' lang='lat' dir='ltr'><strong>quom</strong></span> <span class='ocrx_word' id='word_1_30' title='bbox 249 762 287 803; x_wconf 85' lang='lat' dir='ltr'><strong>au</strong></span> <span class='ocrx_word' id='word_1_31' title='bbox 308 761 335 802; x_wconf 84' lang='lat' dir='ltr'><strong>a</strong></span> <span class='ocrx_word' id='word_1_32' title='bbox 350 740 499 822; x_wconf 89' lang='lat' dir='ltr'><strong>principio</strong></span> <span class='ocrx_word' id='word_1_33' title='bbox 524 745 670 824; x_wconf 89' lang='lat' dir='ltr'><strong>scriptum</strong></span> <span class='ocrx_word' id='word_1_34' title='bbox 693 746 760 807; x_wconf 81' lang='lat' dir='ltr'><strong>luit.</strong></span> 
     </span>
    </p>

    <p class='ocr_par' dir='ltr' id='par_1_4' title="bbox 133 829 1166 3082">
     <span class='ocr_line' id='line_1_6' title="bbox 199 829 1154 912; baseline 0.005 -22"><span class='ocrx_word' id='word_1_35' title='bbox 199 829 279 890; x_wconf 87' lang='lat' dir='ltr'><strong>Tum</strong></span> <span class='ocrx_word' id='word_1_36' title='bbox 302 829 482 908; x_wconf 81' lang='lat' dir='ltr'>cognatione</span> <span class='ocrx_word' id='word_1_37' title='bbox 504 829 676 893; x_wconf 84' lang='lat' dir='ltr'><strong>litterarum</strong></span> <span class='ocrx_word' id='word_1_38' title='bbox 692 841 756 894; x_wconf 86' lang='lat' dir='ltr'><strong>lum</strong></span> <span class='ocrx_word' id='word_1_39' title='bbox 772 833 989 912; x_wconf 83' lang='lat' dir='ltr'><strong>appellationis</strong></span> <span class='ocrx_word' id='word_1_40' title='bbox 1009 833 1154 896; x_wconf 86' lang='lat' dir='ltr'><strong>similitu-</strong></span> 
     </span>
     <span class='ocr_line' id='line_1_7' title="bbox 133 916 1155 997; baseline 0.003 -18"><span class='ocrx_word' id='word_1_41' title='bbox 133 917 205 979; x_wconf 91' lang='lat' dir='ltr'><strong>dine</strong></span> <span class='ocrx_word' id='word_1_42' title='bbox 236 916 350 977; x_wconf 84' lang='lat' dir='ltr'><strong>iactum</strong></span> <span class='ocrx_word' id='word_1_43' title='bbox 382 922 439 988; x_wconf 87' lang='lat' dir='ltr'><strong>est,</strong></span> <span class='ocrx_word' id='word_1_44' title='bbox 471 923 505 977; x_wconf 86' lang='lat' dir='ltr'><strong>ut</strong></span> <span class='ocrx_word' id='word_1_45' title='bbox 531 937 634 997; x_wconf 80' lang='lat' dir='ltr'><strong>queam,</strong></span> <span class='ocrx_word' id='word_1_46' title='bbox 669 939 750 992; x_wconf 85' lang='lat' dir='ltr'><strong>aura,</strong></span> <span class='ocrx_word' id='word_1_47' title='bbox 785 940 853 982; x_wconf 89' lang='lat' dir='ltr'><strong>eom</strong></span> <span class='ocrx_word' id='word_1_48' title='bbox 881 928 912 982; x_wconf 89' lang='lat' dir='ltr'><strong>et</strong></span> <span class='ocrx_word' id='word_1_49' title='bbox 940 941 999 983; x_wconf 85' lang='lat' dir='ltr'><strong>rou</strong></span> <span class='ocrx_word' id='word_1_50' title='bbox 1021 921 1100 983; x_wconf 89' lang='lat' dir='ltr'><strong>inter</strong></span> <span class='ocrx_word' id='word_1_51' title='bbox 1122 939 1155 982; x_wconf 86' lang='lat' dir='ltr'><strong>se</strong></span> 
     </span>
     <span class='ocr_line' id='line_1_8' title="bbox 133 1001 1156 1086; baseline 0.003 -21"><span class='ocrx_word' id='word_1_52' title='bbox 133 1009 390 1084; x_wconf 85' lang='lat' dir='ltr'><strong>permutarentur.</strong></span> <span class='ocrx_word' id='word_1_53' title='bbox 435 1001 529 1064; x_wconf 83' lang='lat' dir='ltr'><strong>Cuius</strong></span> <span class='ocrx_word' id='word_1_54' title='bbox 557 1003 601 1065; x_wconf 91' lang='lat' dir='ltr'><strong>rei</strong></span> <span class='ocrx_word' id='word_1_55' title='bbox 624 1005 764 1086; x_wconf 83' lang='lat' dir='ltr'><strong>exempla</strong></span> <span class='ocrx_word' id='word_1_56' title='bbox 787 1006 861 1067; x_wconf 89' lang='lat' dir='ltr'><strong>alibi</strong></span> <span class='ocrx_word' id='word_1_57' title='bbox 885 1006 1045 1070; x_wconf 86' lang='lat' dir='ltr'><strong>dabuntur.</strong></span> <span class='ocrx_word' id='word_1_58' title='bbox 1089 1007 1156 1068; x_wconf 81' lang='lat' dir='ltr'><strong>Ea·</strong></span> 
     </span>
     <span class='ocr_line' id='line_1_9' title="bbox 134 1087 1156 1167; baseline 0.003 -16"><span class='ocrx_word' id='word_1_59' title='bbox 134 1091 214 1162; x_wconf 88' lang='lat' dir='ltr'><strong>dem,</strong></span> <span class='ocrx_word' id='word_1_60' title='bbox 237 1088 291 1150; x_wconf 88' lang='lat' dir='ltr'><strong>ubi</strong></span> <span class='ocrx_word' id='word_1_61' title='bbox 313 1087 427 1167; x_wconf 86' lang='lat' dir='ltr'><strong>aliquid</strong></span> <span class='ocrx_word' id='word_1_62' title='bbox 449 1109 552 1152; x_wconf 86' lang='lat' dir='ltr'><strong>eorum</strong></span> <span class='ocrx_word' id='word_1_63' title='bbox 574 1091 657 1153; x_wconf 90' lang='lat' dir='ltr'><strong>aliud</strong></span> <span class='ocrx_word' id='word_1_64' title='bbox 680 1091 711 1153; x_wconf 89' lang='lat' dir='ltr'><strong>in</strong></span> <span class='ocrx_word' id='word_1_65' title='bbox 734 1100 878 1154; x_wconf 87' lang='lat' dir='ltr'><strong>contextu</strong></span> <span class='ocrx_word' id='word_1_66' title='bbox 901 1094 1049 1156; x_wconf 87' lang='lat' dir='ltr'><strong>orationis</strong></span> <span class='ocrx_word' id='word_1_67' title='bbox 1071 1093 1156 1155; x_wconf 84' lang='lat' dir='ltr'><strong>exci-</strong></span> 
     </span>
     <span class='ocr_line' id='line_1_10' title="bbox 134 1174 1158 1257; baseline 0.002 -19"><span class='ocrx_word' id='word_1_68' title='bbox 134 1177 253 1257; x_wconf 90' lang='lat' dir='ltr'><strong>piebat,</strong></span> <span class='ocrx_word' id='word_1_69' title='bbox 288 1174 461 1236; x_wconf 85' lang='lat' dir='ltr'><strong>omissionis</strong></span> <span class='ocrx_word' id='word_1_70' title='bbox 492 1195 585 1239; x_wconf 91' lang='lat' dir='ltr'><strong>causa</strong></span> <span class='ocrx_word' id='word_1_71' title='bbox 611 1178 679 1240; x_wconf 85' lang='lat' dir='ltr'><strong>luit.</strong></span> <span class='ocrx_word' id='word_1_72' title='bbox 723 1178 811 1241; x_wconf 88' lang='lat' dir='ltr'><strong>Adeo</strong></span> <span class='ocrx_word' id='word_1_73' title='bbox 844 1178 915 1254; x_wconf 87' lang='grc'>160,</span> <span class='ocrx_word' id='word_1_74' title='bbox 940 1181 981 1241; x_wconf 85' lang='grc'><strong>33</strong></span> <span class='ocrx_word' id='word_1_75' title='bbox 1004 1200 1062 1241; x_wconf 90' lang='lat' dir='ltr'><strong>non</strong></span> <span class='ocrx_word' id='word_1_76' title='bbox 1086 1199 1158 1241; x_wconf 87' lang='lat' dir='ltr'><strong>cum</strong></span> 
     </span>
     <span class='ocr_line' id='line_1_11' title="bbox 136 1260 1157 1349; baseline 0.001 -22"><span class='ocrx_word' id='word_1_77' title='bbox 136 1260 313 1346; x_wconf 76' lang='lat' dir='ltr'><strong>confertim,</strong></span> <span class='ocrx_word' id='word_1_78' title='bbox 345 1263 399 1323; x_wconf 85' lang='lat' dir='ltr'><strong>sed</strong></span> <span class='ocrx_word' id='word_1_79' title='bbox 427 1283 499 1325; x_wconf 89' lang='lat' dir='ltr'><strong>curu</strong></span> <span class='ocrx_word' id='word_1_80' title='bbox 518 1264 631 1346; x_wconf 76' lang='lat' dir='ltr'><strong>fortitu</strong></span> <span class='ocrx_word' id='word_1_81' title='bbox 652 1265 678 1326; x_wconf 93' lang='lat' dir='ltr'>P</span> <span class='ocrx_word' id='word_1_82' title='bbox 701 1265 804 1340; x_wconf 90' lang='lat' dir='ltr'><strong>habet,</strong></span> <span class='ocrx_word' id='word_1_83' title='bbox 834 1267 997 1349; x_wconf 79' lang='lat' dir='ltr'><strong>confertim</strong></span> <span class='ocrx_word' id='word_1_84' title='bbox 1019 1266 1059 1340; x_wconf 83' lang='lat' dir='ltr'><strong>U,</strong></span> <span class='ocrx_word' id='word_1_85' title='bbox 1085 1264 1157 1339; x_wconf 95' lang='grc'>158,</span> 
     </span>
     <span class='ocr_line' id='line_1_12' title="bbox 136 1347 1159 1436; baseline -0.001 -21"><span class='ocrx_word' id='word_1_86' title='bbox 136 1351 178 1415; x_wconf 90' lang='grc'><strong>25</strong></span> <span class='ocrx_word' id='word_1_87' title='bbox 204 1369 263 1412; x_wconf 92' lang='lat' dir='ltr'><strong>non</strong></span> <span class='ocrx_word' id='word_1_88' title='bbox 286 1347 367 1411; x_wconf 80' lang='lat' dir='ltr'><strong>oum</strong></span> <span class='ocrx_word' id='word_1_89' title='bbox 389 1347 577 1432; x_wconf 78' lang='lat' dir='ltr'><strong>complures,</strong></span> <span class='ocrx_word' id='word_1_90' title='bbox 606 1352 660 1413; x_wconf 90' lang='lat' dir='ltr'><strong>sed</strong></span> <span class='ocrx_word' id='word_1_91' title='bbox 683 1350 763 1414; x_wconf 80' lang='lat' dir='ltr'><strong>Oura</strong></span> <span class='ocrx_word' id='word_1_92' title='bbox 782 1350 894 1436; x_wconf 78' lang='lat' dir='ltr'><strong>plures</strong></span> <span class='ocrx_word' id='word_1_93' title='bbox 915 1354 956 1426; x_wconf 88' lang='lat' dir='ltr'><strong>A,</strong></span> <span class='ocrx_word' id='word_1_94' title='bbox 979 1352 1032 1429; x_wconf 95' lang='grc'><strong>89,</strong></span> <span class='ocrx_word' id='word_1_95' title='bbox 1055 1352 1075 1416; x_wconf 99' lang='grc'>9</span> <span class='ocrx_word' id='word_1_96' title='bbox 1098 1372 1159 1415; x_wconf 88' lang='lat' dir='ltr'><strong>non</strong></span> 
     </span>
     <span class='ocr_line' id='line_1_13' title="bbox 137 1432 1159 1523; baseline -0.002 -21"><span class='ocrx_word' id='word_1_97' title='bbox 137 1457 210 1502; x_wconf 81' lang='lat' dir='ltr'><strong>curu</strong></span> <span class='ocrx_word' id='word_1_98' title='bbox 233 1432 464 1518; x_wconf 68' lang='lat' dir='ltr'><strong>compluribus,</strong></span> <span class='ocrx_word' id='word_1_99' title='bbox 494 1438 548 1499; x_wconf 89' lang='lat' dir='ltr'><strong>sed</strong></span> <span class='ocrx_word' id='word_1_100' title='bbox 576 1446 695 1500; x_wconf 88' lang='lat' dir='ltr'><strong>tantum</strong></span> <span class='ocrx_word' id='word_1_101' title='bbox 719 1437 928 1521; x_wconf 67' lang='lat' dir='ltr'><strong><em>conpluribus</em></strong></span> <span class='ocrx_word' id='word_1_102' title='bbox 951 1440 1018 1502; x_wconf 86' lang='lat' dir='ltr'><strong>TU.</strong></span> <span class='ocrx_word' id='word_1_103' title='bbox 1041 1438 1093 1523; x_wconf 92' lang='grc'><strong>90,</strong></span> <span class='ocrx_word' id='word_1_104' title='bbox 1117 1440 1159 1500; x_wconf 79' lang='grc'><strong>23</strong></span> 
     </span>
     <span class='ocr_line' id='line_1_14' title="bbox 137 1521 1159 1607; baseline 0 -20"><span class='ocrx_word' id='word_1_105' title='bbox 137 1543 259 1606; x_wconf 77' lang='lat' dir='ltr'><strong>mapua</strong></span> <span class='ocrx_word' id='word_1_106' title='bbox 281 1521 472 1586; x_wconf 80' lang='lat' dir='ltr'><strong>contumelia</strong></span> <span class='ocrx_word' id='word_1_107' title='bbox 494 1523 524 1586; x_wconf 89' lang='lat' dir='ltr'>R</span> <span class='ocrx_word' id='word_1_108' title='bbox 550 1543 605 1604; x_wconf 89' lang='lat' dir='ltr'><strong>pro</strong></span> <span class='ocrx_word' id='word_1_109' title='bbox 627 1545 747 1607; x_wconf 71' lang='lat' dir='ltr'><strong>unoquo</strong></span> <span class='ocrx_word' id='word_1_110' title='bbox 770 1547 841 1588; x_wconf 83' lang='lat' dir='ltr'><strong>curu</strong></span> <span class='ocrx_word' id='word_1_111' title='bbox 863 1525 1061 1590; x_wconf 83' lang='lat' dir='ltr'><strong>contumelia.</strong></span> <span class='ocrx_word' id='word_1_112' title='bbox 1104 1527 1159 1588; x_wconf 91' lang='lat' dir='ltr'><strong>ld-</strong></span> 
     </span>
     <span class='ocr_line' id='line_1_15' title="bbox 139 1607 1160 1693; baseline 0.002 -20"><span class='ocrx_word' id='word_1_113' title='bbox 139 1611 219 1674; x_wconf 90' lang='lat' dir='ltr'><strong>circo</strong></span> <span class='ocrx_word' id='word_1_114' title='bbox 244 1607 295 1682; x_wconf 83' lang='grc'><strong>79,</strong></span> <span class='ocrx_word' id='word_1_115' title='bbox 319 1611 339 1669; x_wconf 95' lang='grc'>2</span> <span class='ocrx_word' id='word_1_116' title='bbox 361 1615 452 1672; x_wconf 89' lang='lat' dir='ltr'><strong>tauta</strong></span> <span class='ocrx_word' id='word_1_117' title='bbox 474 1630 545 1672; x_wconf 82' lang='lat' dir='ltr'><strong>aram</strong></span> <span class='ocrx_word' id='word_1_118' title='bbox 566 1612 809 1692; x_wconf 76' lang='lat' dir='ltr'><em>contemptione,</em></span> <span class='ocrx_word' id='word_1_119' title='bbox 832 1612 909 1693; x_wconf 88' lang='lat' dir='ltr'><strong>quae</strong></span> <span class='ocrx_word' id='word_1_120' title='bbox 932 1622 1002 1675; x_wconf 89' lang='lat' dir='ltr'><strong>ante</strong></span> <span class='ocrx_word' id='word_1_121' title='bbox 1026 1612 1160 1675; x_wconf 91' lang='lat' dir='ltr'><strong>novissi·</strong></span> 
     </span>
     <span class='ocr_line' id='line_1_16' title="bbox 139 1697 1160 1776; baseline 0 -16"><span class='ocrx_word' id='word_1_122' title='bbox 139 1717 205 1760; x_wconf 87' lang='lat' dir='ltr'><strong>mos</strong></span> <span class='ocrx_word' id='word_1_123' title='bbox 240 1697 372 1758; x_wconf 85' lang='lat' dir='ltr'><strong>editores</strong></span> <span class='ocrx_word' id='word_1_124' title='bbox 402 1712 458 1776; x_wconf 90' lang='lat' dir='ltr'><strong>per</strong></span> <span class='ocrx_word' id='word_1_125' title='bbox 489 1697 578 1776; x_wconf 87' lang='lat' dir='ltr'><strong>plura</strong></span> <span class='ocrx_word' id='word_1_126' title='bbox 611 1698 733 1760; x_wconf 85' lang='lat' dir='ltr'><strong>saecttla</strong></span> <span class='ocrx_word' id='word_1_127' title='bbox 767 1700 867 1761; x_wconf 88' lang='lat' dir='ltr'><strong>iuerat</strong></span> <span class='ocrx_word' id='word_1_128' title='bbox 896 1699 997 1773; x_wconf 87' lang='lat' dir='ltr'><strong>lectio,</strong></span> <span class='ocrx_word' id='word_1_129' title='bbox 1027 1703 1160 1762; x_wconf 85' lang='lat' dir='ltr'><strong>tortasse</strong></span> 
     </span>
     <span class='ocr_line' id='line_1_17' title="bbox 139 1783 1160 1864; baseline 0.001 -17"><span class='ocrx_word' id='word_1_130' title='bbox 139 1784 336 1854; x_wconf 81' lang='lat' dir='ltr'><strong>restituatur,</strong></span> <span class='ocrx_word' id='word_1_131' title='bbox 379 1783 517 1862; x_wconf 87' lang='lat' dir='ltr'><strong>quamvis</strong></span> <span class='ocrx_word' id='word_1_132' title='bbox 561 1784 816 1864; x_wconf 80' lang='lat' dir='ltr'><strong>praepositionem</strong></span> <span class='ocrx_word' id='word_1_133' title='bbox 856 1786 944 1848; x_wconf 91' lang='lat' dir='ltr'><strong>PRA</strong></span> <span class='ocrx_word' id='word_1_134' title='bbox 983 1805 1038 1848; x_wconf 92' lang='lat' dir='ltr'><strong>suo</strong></span> <span class='ocrx_word' id='word_1_135' title='bbox 1078 1805 1160 1848; x_wconf 90' lang='lat' dir='ltr'><strong>more</strong></span> 
     </span>
     <span class='ocr_line' id='line_1_18' title="bbox 138 1868 1162 1953; baseline 0.001 -19"><span class='ocrx_word' id='word_1_136' title='bbox 138 1869 337 1952; x_wconf 83' lang='lat' dir='ltr'><strong>neglexerint.</strong></span> <span class='ocrx_word' id='word_1_137' title='bbox 371 1868 423 1943; x_wconf 87' lang='grc'><strong>98,</strong></span> <span class='ocrx_word' id='word_1_138' title='bbox 447 1871 489 1930; x_wconf 91' lang='grc'><strong>20</strong></span> <span class='ocrx_word' id='word_1_139' title='bbox 519 1869 546 1932; x_wconf 85' lang='lat' dir='ltr'><strong>si</strong></span> <span class='ocrx_word' id='word_1_140' title='bbox 574 1870 632 1933; x_wconf 86' lang='lat' dir='ltr'><strong>luit</strong></span> <span class='ocrx_word' id='word_1_141' title='bbox 659 1871 751 1934; x_wconf 83' lang='lat' dir='ltr'><strong>Huic</strong></span> <span class='ocrx_word' id='word_1_142' title='bbox 771 1869 893 1953; x_wconf 82' lang='lat' dir='ltr'><strong>proelio</strong></span> <span class='ocrx_word' id='word_1_143' title='bbox 915 1873 1070 1935; x_wconf 83' lang='lat' dir='ltr'><strong>dimicare</strong></span> <span class='ocrx_word' id='word_1_144' title='bbox 1091 1893 1162 1935; x_wconf 84' lang='lat' dir='ltr'><strong>cum</strong></span> 
     </span>
     <span class='ocr_line' id='line_1_19' title="bbox 139 1958 1162 2042; baseline -0.001 -20"><span class='ocrx_word' id='word_1_145' title='bbox 139 1958 374 2022; x_wconf 80' lang='lat' dir='ltr'><strong>courtitueruut</strong></span> <span class='ocrx_word' id='word_1_146' title='bbox 394 1992 437 2002; x_wconf 89' lang='lat'>—</span> <span class='ocrx_word' id='word_1_147' title='bbox 459 1976 555 2036; x_wconf 89' lang='lat' dir='ltr'><strong>neque</strong></span> <span class='ocrx_word' id='word_1_148' title='bbox 585 1976 655 2018; x_wconf 91' lang='lat' dir='ltr'><strong>vero</strong></span> <span class='ocrx_word' id='word_1_149' title='bbox 684 1966 783 2020; x_wconf 87' lang='lat' dir='ltr'><strong>utrum</strong></span> <span class='ocrx_word' id='word_1_150' title='bbox 812 1979 893 2034; x_wconf 85' lang='lat' dir='ltr'><strong>auat,</strong></span> <span class='ocrx_word' id='word_1_151' title='bbox 923 1979 962 2021; x_wconf 88' lang='lat' dir='ltr'><strong>an</strong></span> <span class='ocrx_word' id='word_1_152' title='bbox 991 1980 1096 2042; x_wconf 78' lang='lat' dir='ltr'><strong>quum,</strong></span> <span class='ocrx_word' id='word_1_153' title='bbox 1122 1978 1162 2021; x_wconf 90' lang='lat' dir='ltr'><strong>an</strong></span> 
     </span>
     <span class='ocr_line' id='line_1_20' title="bbox 141 2043 1162 2129; baseline 0.001 -22"><span class='ocrx_word' id='word_1_154' title='bbox 141 2065 236 2129; x_wconf 76' lang='lat' dir='ltr'><strong>parom</strong></span> <span class='ocrx_word' id='word_1_155' title='bbox 264 2043 409 2121; x_wconf 85' lang='lat' dir='ltr'><strong>scriptum</strong></span> <span class='ocrx_word' id='word_1_156' title='bbox 437 2044 538 2116; x_wconf 81' lang='lat' dir='ltr'><strong>luerit,</strong></span> <span class='ocrx_word' id='word_1_157' title='bbox 574 2045 700 2106; x_wconf 88' lang='lat' dir='ltr'><strong>multum</strong></span> <span class='ocrx_word' id='word_1_158' title='bbox 729 2047 823 2107; x_wconf 83' lang='lat' dir='ltr'><strong>refert</strong></span> <span class='ocrx_word' id='word_1_159' title='bbox 840 2080 893 2120; x_wconf 89' lang='lat'><strong>-‚</strong></span> <span class='ocrx_word' id='word_1_160' title='bbox 918 2058 989 2108; x_wconf 82' lang='lat' dir='ltr'><strong>cum</strong></span> <span class='ocrx_word' id='word_1_161' title='bbox 1017 2066 1055 2107; x_wconf 86' lang='lat' dir='ltr'><strong>ex</strong></span> <span class='ocrx_word' id='word_1_162' title='bbox 1084 2046 1162 2108; x_wconf 89' lang='lat' dir='ltr'><strong>scri-</strong></span> 
     </span>
     <span class='ocr_line' id='line_1_21' title="bbox 140 2129 1162 2196; baseline 0 -2"><span class='ocrx_word' id='word_1_163' title='bbox 140 2131 233 2194; x_wconf 92' lang='lat' dir='ltr'><strong>bendi</strong></span> <span class='ocrx_word' id='word_1_164' title='bbox 261 2129 476 2192; x_wconf 88' lang='lat' dir='ltr'><strong>consuetudine</strong></span> <span class='ocrx_word' id='word_1_165' title='bbox 505 2130 630 2193; x_wconf 86' lang='lat' dir='ltr'><strong>excidit:</strong></span> <span class='ocrx_word' id='word_1_166' title='bbox 665 2150 720 2193; x_wconf 90' lang='lat' dir='ltr'><strong>nec</strong></span> <span class='ocrx_word' id='word_1_167' title='bbox 748 2131 808 2193; x_wconf 82' lang='lat' dir='ltr'><strong>iarn</strong></span> <span class='ocrx_word' id='word_1_168' title='bbox 836 2132 868 2195; x_wconf 93' lang='lat' dir='ltr'><strong>in</strong></span> <span class='ocrx_word' id='word_1_169' title='bbox 891 2134 921 2196; x_wconf 92' lang='lat' dir='ltr'><strong>R</strong></span> <span class='ocrx_word' id='word_1_170' title='bbox 943 2133 1063 2194; x_wconf 88' lang='lat' dir='ltr'><strong>omnino</strong></span> <span class='ocrx_word' id='word_1_171' title='bbox 1087 2152 1162 2195; x_wconf 91' lang='lat' dir='ltr'><strong>con-</strong></span> 
     </span>
     <span class='ocr_line' id='line_1_22' title="bbox 139 2217 1162 2302; baseline -0.001 -20"><span class='ocrx_word' id='word_1_172' title='bbox 139 2217 254 2282; x_wconf 88' lang='lat' dir='ltr'><strong>iunctio</strong></span> <span class='ocrx_word' id='word_1_173' title='bbox 277 2217 332 2279; x_wconf 87' lang='lat' dir='ltr'><strong>illa</strong></span> <span class='ocrx_word' id='word_1_174' title='bbox 354 2225 519 2296; x_wconf 84' lang='lat' dir='ltr'><strong>comperet,</strong></span> <span class='ocrx_word' id='word_1_175' title='bbox 543 2218 596 2280; x_wconf 87' lang='lat' dir='ltr'><strong>sed</strong></span> <span class='ocrx_word' id='word_1_176' title='bbox 619 2218 649 2280; x_wconf 92' lang='lat' dir='ltr'><strong>in</strong></span> <span class='ocrx_word' id='word_1_177' title='bbox 671 2218 731 2281; x_wconf 88' lang='lat' dir='ltr'><strong>PA</strong></span> <span class='ocrx_word' id='word_1_178' title='bbox 751 2227 809 2281; x_wconf 87' lang='lat' dir='ltr'><strong>cet.</strong></span> <span class='ocrx_word' id='word_1_179' title='bbox 825 2228 895 2281; x_wconf 88' lang='lat' dir='ltr'><strong>ante</strong></span> <span class='ocrx_word' id='word_1_180' title='bbox 914 2218 1040 2302; x_wconf 84' lang='lat' dir='ltr'><strong>proelia</strong></span> <span class='ocrx_word' id='word_1_181' title='bbox 1063 2239 1162 2281; x_wconf 86' lang='lat' dir='ltr'><strong>emer-</strong></span> 
     </span>
     <span class='ocr_line' id='line_1_23' title="bbox 141 2302 1162 2388; baseline -0.001 -19"><span class='ocrx_word' id='word_1_182' title='bbox 141 2306 195 2388; x_wconf 81' lang='lat' dir='ltr'><strong>git.</strong></span> <span class='ocrx_word' id='word_1_183' title='bbox 220 2304 272 2366; x_wconf 91' lang='lat' dir='ltr'><strong>ubi</strong></span> <span class='ocrx_word' id='word_1_184' title='bbox 294 2302 347 2365; x_wconf 89' lang='lat' dir='ltr'><strong>alii</strong></span> <span class='ocrx_word' id='word_1_185' title='bbox 367 2305 398 2366; x_wconf 84' lang='lat' dir='ltr'><strong>oi</strong></span> <span class='ocrx_word' id='word_1_186' title='bbox 420 2303 544 2366; x_wconf 89' lang='lat' dir='ltr'><strong>habent.</strong></span> <span class='ocrx_word' id='word_1_187' title='bbox 595 2304 657 2367; x_wconf 86' lang='lat' dir='ltr'><strong>Sed</strong></span> <span class='ocrx_word' id='word_1_188' title='bbox 681 2325 776 2386; x_wconf 83' lang='lat' dir='ltr'><strong>neque</strong></span> <span class='ocrx_word' id='word_1_189' title='bbox 798 2307 945 2386; x_wconf 80' lang='lat' dir='ltr'><strong>sineque</strong></span> <span class='ocrx_word' id='word_1_190' title='bbox 968 2327 1039 2369; x_wconf 88' lang='lat' dir='ltr'><strong>cum</strong></span> <span class='ocrx_word' id='word_1_191' title='bbox 1060 2305 1102 2367; x_wconf 90' lang='lat' dir='ltr'><strong>ibi</strong></span> <span class='ocrx_word' id='word_1_192' title='bbox 1126 2326 1162 2368; x_wconf 90' lang='lat' dir='ltr'><strong>o·</strong></span> 
     </span>
     <span class='ocr_line' id='line_1_24' title="bbox 142 2390 1163 2474; baseline -0.002 -18"><span class='ocrx_word' id='word_1_193' title='bbox 142 2391 223 2456; x_wconf 90' lang='lat' dir='ltr'><strong>mitti</strong></span> <span class='ocrx_word' id='word_1_194' title='bbox 246 2390 354 2470; x_wconf 90' lang='lat' dir='ltr'><strong>potuit.</strong></span> <span class='ocrx_word' id='word_1_195' title='bbox 399 2390 496 2471; x_wconf 87' lang='lat' dir='ltr'><strong>Atqui</strong></span> <span class='ocrx_word' id='word_1_196' title='bbox 519 2391 728 2455; x_wconf 89' lang='lat' dir='ltr'><strong>coniunctione</strong></span> <span class='ocrx_word' id='word_1_197' title='bbox 752 2413 827 2474; x_wconf 91' lang='lat' dir='ltr'><strong>opus</strong></span> <span class='ocrx_word' id='word_1_198' title='bbox 843 2402 920 2468; x_wconf 86' lang='lat' dir='ltr'><strong>erat,</strong></span> <span class='ocrx_word' id='word_1_199' title='bbox 944 2394 1029 2456; x_wconf 90' lang='lat' dir='ltr'><strong>cuius</strong></span> <span class='ocrx_word' id='word_1_200' title='bbox 1044 2394 1080 2454; x_wconf 91' lang='lat' dir='ltr'><strong>de</strong></span> <span class='ocrx_word' id='word_1_201' title='bbox 1097 2394 1163 2455; x_wconf 91' lang='lat' dir='ltr'><strong>loco</strong></span> 
     </span>
     <span class='ocr_line' id='line_1_25' title="bbox 143 2478 1165 2561; baseline 0 -19"><span class='ocrx_word' id='word_1_202' title='bbox 143 2479 242 2542; x_wconf 87' lang='lat' dir='ltr'><strong>ntinus</strong></span> <span class='ocrx_word' id='word_1_203' title='bbox 271 2478 487 2540; x_wconf 88' lang='lat' dir='ltr'><strong>dubitaverunt</strong></span> <span class='ocrx_word' id='word_1_204' title='bbox 518 2480 729 2542; x_wconf 81' lang='lat' dir='ltr'><strong>emendatores</strong></span> <span class='ocrx_word' id='word_1_205' title='bbox 752 2500 841 2559; x_wconf 84' lang='lat' dir='ltr'><strong>quant</strong></span> <span class='ocrx_word' id='word_1_206' title='bbox 864 2482 901 2543; x_wconf 90' lang='lat' dir='ltr'><strong>de</strong></span> <span class='ocrx_word' id='word_1_207' title='bbox 923 2480 992 2561; x_wconf 89' lang='lat' dir='ltr'><strong>ipsa</strong></span> <span class='ocrx_word' id='word_1_208' title='bbox 1014 2480 1165 2561; x_wconf 87' lang='lat' dir='ltr'><strong>particula</strong></span> 
     </span>
     <span class='ocr_line' id='line_1_26' title="bbox 143 2564 1165 2647; baseline 0 -18"><span class='ocrx_word' id='word_1_209' title='bbox 143 2565 292 2644; x_wconf 80' lang='lat' dir='ltr'><strong>eligenda.</strong></span> <span class='ocrx_word' id='word_1_210' title='bbox 336 2564 384 2626; x_wconf 86' lang='lat' dir='ltr'><strong>En</strong></span> <span class='ocrx_word' id='word_1_211' title='bbox 415 2565 489 2626; x_wconf 88' lang='lat' dir='ltr'><strong>alibi</strong></span> <span class='ocrx_word' id='word_1_212' title='bbox 517 2586 554 2626; x_wconf 89' lang='lat' dir='ltr'><strong>ne</strong></span> <span class='ocrx_word' id='word_1_213' title='bbox 578 2568 614 2627; x_wconf 89' lang='lat' dir='ltr'><strong>de</strong></span> <span class='ocrx_word' id='word_1_214' title='bbox 637 2566 695 2629; x_wconf 88' lang='lat' dir='ltr'><strong>hec</strong></span> <span class='ocrx_word' id='word_1_215' title='bbox 717 2567 835 2647; x_wconf 87' lang='lat' dir='ltr'><strong>quidem</strong></span> <span class='ocrx_word' id='word_1_216' title='bbox 859 2568 1059 2630; x_wconf 87' lang='lat' dir='ltr'><strong>dissentiunt:</strong></span> <span class='ocrx_word' id='word_1_217' title='bbox 1094 2586 1165 2629; x_wconf 88' lang='lat' dir='ltr'><strong>nam</strong></span> 
     </span>
     <span class='ocr_line' id='line_1_27' title="bbox 144 2652 1166 2736; baseline 0.001 -21"><span class='ocrx_word' id='word_1_218' title='bbox 144 2653 217 2726; x_wconf 91' lang='grc'>101,</span> <span class='ocrx_word' id='word_1_219' title='bbox 241 2652 284 2713; x_wconf 85' lang='grc'><strong>27</strong></span> <span class='ocrx_word' id='word_1_220' title='bbox 313 2658 491 2713; x_wconf 84' lang='lat' dir='ltr'><strong>constanter</strong></span> <span class='ocrx_word' id='word_1_221' title='bbox 518 2652 668 2731; x_wconf 87' lang='lat' dir='ltr'><strong>praebent</strong></span> <span class='ocrx_word' id='word_1_222' title='bbox 697 2654 897 2734; x_wconf 72' lang='lat' dir='ltr'><strong>addetque</strong></span> <span class='ocrx_word' id='word_1_223' title='bbox 925 2655 1067 2736; x_wconf 74' lang='lat' dir='ltr'><strong>adflictae</strong></span> <span class='ocrx_word' id='word_1_224' title='bbox 1089 2675 1166 2716; x_wconf 82' lang='lat' dir='ltr'><strong>caea</strong></span> 
     </span>
     <span class='ocr_line' id='line_1_28' title="bbox 144 2737 1166 2818; baseline -0.001 -15"><span class='ocrx_word' id='word_1_225' title='bbox 144 2739 361 2812; x_wconf 77' lang='lat' dir='ltr'><strong>conciderunt,</strong></span> <span class='ocrx_word' id='word_1_226' title='bbox 391 2737 450 2800; x_wconf 86' lang='lat' dir='ltr'><strong>etsi</strong></span> <span class='ocrx_word' id='word_1_227' title='bbox 471 2738 498 2799; x_wconf 93' lang='lat' dir='ltr'>P</span> <span class='ocrx_word' id='word_1_228' title='bbox 521 2739 649 2801; x_wconf 87' lang='lat' dir='ltr'><strong>vacillat</strong></span> <span class='ocrx_word' id='word_1_229' title='bbox 670 2738 899 2818; x_wconf 85' lang='lat' dir='ltr'><strong>aliquantulum.</strong></span> <span class='ocrx_word' id='word_1_230' title='bbox 943 2741 1058 2803; x_wconf 89' lang='lat' dir='ltr'><strong>Verum</strong></span> <span class='ocrx_word' id='word_1_231' title='bbox 1083 2740 1114 2801; x_wconf 90' lang='lat' dir='ltr'><strong>in</strong></span> <span class='ocrx_word' id='word_1_232' title='bbox 1136 2740 1166 2802; x_wconf 88' lang='lat' dir='ltr'>R</span> 
     </span>
     <span class='ocr_line' id='line_1_29' title="bbox 143 2825 1164 2907; baseline -0.003 -18"><span class='ocrx_word' id='word_1_233' title='bbox 143 2828 203 2889; x_wconf 90' lang='lat' dir='ltr'><strong>hoc</strong></span> <span class='ocrx_word' id='word_1_234' title='bbox 225 2844 341 2905; x_wconf 90' lang='lat' dir='ltr'><strong>quoque</strong></span> <span class='ocrx_word' id='word_1_235' title='bbox 364 2825 431 2886; x_wconf 92' lang='lat' dir='ltr'><strong>loco</strong></span> <span class='ocrx_word' id='word_1_236' title='bbox 454 2843 579 2904; x_wconf 87' lang='lat' dir='ltr'><strong>prorsus</strong></span> <span class='ocrx_word' id='word_1_237' title='bbox 602 2825 688 2887; x_wconf 89' lang='lat' dir='ltr'><strong>deest</strong></span> <span class='ocrx_word' id='word_1_238' title='bbox 710 2828 892 2902; x_wconf 87' lang='lat' dir='ltr'><strong>coniunctio,</strong></span> <span class='ocrx_word' id='word_1_239' title='bbox 917 2846 1011 2907; x_wconf 90' lang='lat' dir='ltr'><strong>neque</strong></span> <span class='ocrx_word' id='word_1_240' title='bbox 1027 2826 1057 2888; x_wconf 74' lang='grc' dir='ltr'><strong>εἰ</strong></span> <span class='ocrx_word' id='word_1_241' title='bbox 1072 2826 1164 2887; x_wconf 83' lang='lat' dir='ltr'><strong>ontit·</strong></span> 
     </span>
     <span class='ocr_line' id='line_1_30' title="bbox 144 2911 1165 2994; baseline -0.002 -17"><span class='ocrx_word' id='word_1_242' title='bbox 144 2913 231 2977; x_wconf 89' lang='lat' dir='ltr'><strong>tendi</strong></span> <span class='ocrx_word' id='word_1_243' title='bbox 264 2912 328 2975; x_wconf 89' lang='lat' dir='ltr'><strong>ulle</strong></span> <span class='ocrx_word' id='word_1_244' title='bbox 360 2931 454 2972; x_wconf 90' lang='lat' dir='ltr'><strong>causa</strong></span> <span class='ocrx_word' id='word_1_245' title='bbox 487 2920 565 2984; x_wconf 88' lang='lat' dir='ltr'><strong>erat,</strong></span> <span class='ocrx_word' id='word_1_246' title='bbox 600 2911 669 2973; x_wconf 89' lang='lat' dir='ltr'><strong>dum</strong></span> <span class='ocrx_word' id='word_1_247' title='bbox 699 2915 891 2975; x_wconf 87' lang='lat' dir='ltr'><strong>econtrario</strong></span> <span class='ocrx_word' id='word_1_248' title='bbox 915 2932 1082 2994; x_wconf 84' lang='lat' dir='ltr'><strong>proquam</strong></span> <span class='ocrx_word' id='word_1_249' title='bbox 1105 2931 1165 2993; x_wconf 80' lang='lat' dir='ltr'><strong>quo</strong></span> 
     </span>
     <span class='ocr_line' id='line_1_31' title="bbox 144 2997 1108 3082; baseline -0.004 -19"><span class='ocrx_word' id='word_1_250' title='bbox 144 2999 226 3081; x_wconf 87' lang='lat' dir='ltr'><strong>(sive</strong></span> <span class='ocrx_word' id='word_1_251' title='bbox 248 3014 309 3082; x_wconf 72' lang='lat' dir='ltr'><strong>aare</strong></span> <span class='ocrx_word' id='word_1_252' title='bbox 331 2999 405 3082; x_wconf 82' lang='lat' dir='ltr'><strong>quo)</strong></span> <span class='ocrx_word' id='word_1_253' title='bbox 430 2997 573 3060; x_wconf 83' lang='lat' dir='ltr'><strong>facillime</strong></span> <span class='ocrx_word' id='word_1_254' title='bbox 594 3019 653 3078; x_wconf 82' lang='lat' dir='ltr'><strong>quo</strong></span> <span class='ocrx_word' id='word_1_255' title='bbox 677 2999 774 3061; x_wconf 91' lang='lat' dir='ltr'><strong>solum</strong></span> <span class='ocrx_word' id='word_1_256' title='bbox 796 3001 1029 3081; x_wconf 86' lang='lat' dir='ltr'><strong>transscriptum</strong></span> <span class='ocrx_word' id='word_1_257' title='bbox 1053 3007 1108 3060; x_wconf 90' lang='lat' dir='ltr'><strong>est.</strong></span> 
     </span>
    </p>

    <p class='ocr_par' dir='ltr' id='par_1_5' title="bbox 145 3083 1170 4036">
     <span class='ocr_line' id='line_1_32' title="bbox 210 3083 1166 3166; baseline -0.003 -17"><span class='ocrx_word' id='word_1_258' title='bbox 210 3088 240 3148; x_wconf 85' lang='lat'><strong>2.</strong></span> <span class='ocrx_word' id='word_1_259' title='bbox 276 3086 324 3149; x_wconf 91' lang='lat' dir='ltr'><strong>De</strong></span> <span class='ocrx_word' id='word_1_260' title='bbox 347 3084 508 3147; x_wconf 83' lang='lat' dir='ltr'><strong>disiunctis</strong></span> <span class='ocrx_word' id='word_1_261' title='bbox 531 3084 652 3159; x_wconf 86' lang='lat' dir='ltr'><strong>litteris,</strong></span> <span class='ocrx_word' id='word_1_262' title='bbox 676 3104 753 3166; x_wconf 88' lang='lat' dir='ltr'><strong>quae</strong></span> <span class='ocrx_word' id='word_1_263' title='bbox 776 3087 967 3160; x_wconf 86' lang='lat' dir='ltr'><strong>omittantur,</strong></span> <span class='ocrx_word' id='word_1_264' title='bbox 990 3085 1120 3165; x_wconf 88' lang='lat' dir='ltr'><strong>primum</strong></span> <span class='ocrx_word' id='word_1_265' title='bbox 1135 3083 1166 3147; x_wconf 93' lang='lat' dir='ltr'><strong>in</strong></span> 
     </span>
     <span class='ocr_line' id='line_1_33' title="bbox 145 3172 1167 3252; baseline -0.003 -17"><span class='ocrx_word' id='word_1_266' title='bbox 145 3173 247 3236; x_wconf 87' lang='lat' dir='ltr'><strong>verbis</strong></span> <span class='ocrx_word' id='word_1_267' title='bbox 276 3172 500 3234; x_wconf 87' lang='lat' dir='ltr'><strong>observandum</strong></span> <span class='ocrx_word' id='word_1_268' title='bbox 529 3180 577 3234; x_wconf 89' lang='lat' dir='ltr'><strong>est</strong></span> <span class='ocrx_word' id='word_1_269' title='bbox 599 3191 762 3234; x_wconf 89' lang='lat' dir='ltr'><strong>consonam</strong></span> <span class='ocrx_word' id='word_1_270' title='bbox 786 3175 890 3236; x_wconf 89' lang='lat' dir='ltr'><strong>eadem</strong></span> <span class='ocrx_word' id='word_1_271' title='bbox 915 3180 947 3236; x_wconf 87' lang='lat' dir='ltr'><strong>et</strong></span> <span class='ocrx_word' id='word_1_272' title='bbox 967 3176 1167 3252; x_wconf 82' lang='lat' dir='ltr'><strong>praecedente</strong></span> 
     </span>
     <span class='ocr_line' id='line_1_34' title="bbox 146 3259 1166 3340; baseline -0.003 -17"><span class='ocrx_word' id='word_1_273' title='bbox 146 3270 179 3324; x_wconf 89' lang='lat' dir='ltr'><strong>et</strong></span> <span class='ocrx_word' id='word_1_274' title='bbox 209 3268 353 3340; x_wconf 86' lang='lat' dir='ltr'><strong>sequente</strong></span> <span class='ocrx_word' id='word_1_275' title='bbox 385 3259 495 3331; x_wconf 86' lang='lat' dir='ltr'><strong>vocali,</strong></span> <span class='ocrx_word' id='word_1_276' title='bbox 528 3259 608 3320; x_wconf 88' lang='lat' dir='ltr'><strong>hano</strong></span> <span class='ocrx_word' id='word_1_277' title='bbox 641 3279 701 3320; x_wconf 89' lang='lat' dir='ltr'><strong>ona</strong></span> <span class='ocrx_word' id='word_1_278' title='bbox 732 3278 797 3321; x_wconf 82' lang='lat' dir='ltr'><strong>cuin</strong></span> <span class='ocrx_word' id='word_1_279' title='bbox 829 3269 1016 3322; x_wconf 81' lang='lat' dir='ltr'><strong>consonante</strong></span> <span class='ocrx_word' id='word_1_280' title='bbox 1045 3259 1166 3338; x_wconf 82' lang='lat' dir='ltr'><strong>saepius</strong></span> 
     </span>
     <span class='ocr_line' id='line_1_35' title="bbox 146 3344 1166 3427; baseline -0.006 -17"><span class='ocrx_word' id='word_1_281' title='bbox 146 3347 305 3413; x_wconf 80' lang='lat' dir='ltr'><strong>excidisse.</strong></span> <span class='ocrx_word' id='word_1_282' title='bbox 350 3346 500 3424; x_wconf 85' lang='lat' dir='ltr'><strong>Exemplo</strong></span> <span class='ocrx_word' id='word_1_283' title='bbox 533 3353 604 3408; x_wconf 89' lang='lat' dir='ltr'><strong>sunt</strong></span> <span class='ocrx_word' id='word_1_284' title='bbox 635 3344 687 3419; x_wconf 88' lang='grc'><strong>61,</strong></span> <span class='ocrx_word' id='word_1_285' title='bbox 713 3345 728 3407; x_wconf 95' lang='grc'>1</span> <span class='ocrx_word' id='word_1_286' title='bbox 749 3345 1069 3427; x_wconf 57' lang='lat' dir='ltr'><strong>praetereumtes,</strong></span> <span class='ocrx_word' id='word_1_287' title='bbox 1095 3344 1166 3418; x_wconf 83' lang='grc'>134,</span> 
     </span>
     <span class='ocr_line' id='line_1_36' title="bbox 147 3430 1168 3512; baseline -0.007 -14"><span class='ocrx_word' id='word_1_288' title='bbox 147 3433 190 3498; x_wconf 90' lang='grc'><strong>29</strong></span> <span class='ocrx_word' id='word_1_289' title='bbox 224 3433 409 3497; x_wconf 78' lang='lat' dir='ltr'><strong>cohortatur</strong></span> <span class='ocrx_word' id='word_1_290' title='bbox 443 3430 543 3512; x_wconf 88' lang='lat' dir='ltr'><strong>(cuius</strong></span> <span class='ocrx_word' id='word_1_291' title='bbox 575 3441 677 3494; x_wconf 89' lang='lat' dir='ltr'><strong>tamen</strong></span> <span class='ocrx_word' id='word_1_292' title='bbox 708 3433 850 3495; x_wconf 87' lang='lat' dir='ltr'><strong>vocabuli</strong></span> <span class='ocrx_word' id='word_1_293' title='bbox 880 3435 944 3495; x_wconf 93' lang='lat' dir='ltr'><strong>loco</strong></span> <span class='ocrx_word' id='word_1_294' title='bbox 973 3433 1033 3494; x_wconf 85' lang='lat' dir='ltr'><strong>iant</strong></span> <span class='ocrx_word' id='word_1_295' title='bbox 1064 3437 1168 3492; x_wconf 85' lang='lat' dir='ltr'><strong>exstat</strong></span> 
     </span>
     <span class='ocr_line' id='line_1_37' title="bbox 147 3516 1167 3603; baseline -0.009 -17"><span class='ocrx_word' id='word_1_296' title='bbox 147 3519 345 3603; x_wconf 78' lang='lat' dir='ltr'><strong>cohortatus)</strong></span> <span class='ocrx_word' id='word_1_297' title='bbox 369 3519 435 3590; x_wconf 85' lang='lat' dir='ltr'><strong>PR,</strong></span> <span class='ocrx_word' id='word_1_298' title='bbox 462 3519 533 3593; x_wconf 85' lang='lat'>129,</span> <span class='ocrx_word' id='word_1_299' title='bbox 553 3520 595 3581; x_wconf 82' lang='lat'><strong>42</strong></span> <span class='ocrx_word' id='word_1_300' title='bbox 615 3518 872 3601; x_wconf 82' lang='lat' dir='ltr'><strong>praecipitantur</strong></span> <span class='ocrx_word' id='word_1_301' title='bbox 887 3522 923 3581; x_wconf 86' lang='lat' dir='ltr'><strong>T.</strong></span> <span class='ocrx_word' id='word_1_302' title='bbox 968 3517 1084 3588; x_wconf 82' lang='lat' dir='ltr'><strong>Quibus</strong></span> <span class='ocrx_word' id='word_1_303' title='bbox 1099 3516 1167 3597; x_wconf 88' lang='lat' dir='ltr'><strong>qui·</strong></span> 
     </span>
     <span class='ocr_line' id='line_1_38' title="bbox 148 3603 1169 3687; baseline -0.005 -17"><span class='ocrx_word' id='word_1_304' title='bbox 148 3609 216 3670; x_wconf 88' lang='lat' dir='ltr'><strong>dem</strong></span> <span class='ocrx_word' id='word_1_305' title='bbox 240 3607 315 3668; x_wconf 86' lang='lat' dir='ltr'><strong>locis</strong></span> <span class='ocrx_word' id='word_1_306' title='bbox 342 3603 581 3687; x_wconf 80' lang='lat' dir='ltr'><strong>pollicerentur,</strong></span> <span class='ocrx_word' id='word_1_307' title='bbox 610 3605 842 3679; x_wconf 73' lang='lat' dir='ltr'><strong>cohortabatur,</strong></span> <span class='ocrx_word' id='word_1_308' title='bbox 869 3605 1169 3687; x_wconf 79' lang='lat' dir='ltr'><strong>praecipitabuntur</strong></span> 
     </span>
     <span class='ocr_line' id='line_1_39' title="bbox 147 3689 1167 3776; baseline -0.006 -19"><span class='ocrx_word' id='word_1_309' title='bbox 147 3695 270 3776; x_wconf 84' lang='lat' dir='ltr'><strong>legatur</strong></span> <span class='ocrx_word' id='word_1_310' title='bbox 302 3710 425 3754; x_wconf 85' lang='lat' dir='ltr'><strong>necesse</strong></span> <span class='ocrx_word' id='word_1_311' title='bbox 459 3699 515 3754; x_wconf 91' lang='lat' dir='ltr'><strong>est.</strong></span> <span class='ocrx_word' id='word_1_312' title='bbox 560 3693 668 3771; x_wconf 88' lang='lat' dir='ltr'><strong>Itaque</strong></span> <span class='ocrx_word' id='word_1_313' title='bbox 700 3711 802 3753; x_wconf 85' lang='lat' dir='ltr'><strong>eorum</strong></span> <span class='ocrx_word' id='word_1_314' title='bbox 831 3692 1000 3754; x_wconf 82' lang='lat' dir='ltr'><strong>accedimus</strong></span> <span class='ocrx_word' id='word_1_315' title='bbox 1023 3689 1167 3770; x_wconf 88' lang='lat' dir='ltr'><strong>opinioni,</strong></span> 
     </span>
     <span class='ocr_line' id='line_1_40' title="bbox 150 3778 1170 3861; baseline -0.005 -17"><span class='ocrx_word' id='word_1_316' title='bbox 150 3781 177 3844; x_wconf 86' lang='lat' dir='ltr'><strong>si</strong></span> <span class='ocrx_word' id='word_1_317' title='bbox 211 3779 261 3861; x_wconf 89' lang='lat' dir='ltr'><strong>qui</strong></span> <span class='ocrx_word' id='word_1_318' title='bbox 295 3779 421 3841; x_wconf 90' lang='lat' dir='ltr'><strong>credunt</strong></span> <span class='ocrx_word' id='word_1_319' title='bbox 450 3787 482 3841; x_wconf 90' lang='lat' dir='ltr'><strong>et</strong></span> <span class='ocrx_word' id='word_1_320' title='bbox 511 3778 582 3850; x_wconf 78' lang='lat'>142,</span> <span class='ocrx_word' id='word_1_321' title='bbox 607 3780 648 3840; x_wconf 91' lang='grc'><strong>30</strong></span> <span class='ocrx_word' id='word_1_322' title='bbox 671 3785 768 3842; x_wconf 83' lang='lat' dir='ltr'><strong>eraut</strong></span> <span class='ocrx_word' id='word_1_323' title='bbox 793 3787 825 3841; x_wconf 90' lang='lat' dir='ltr'><strong>et</strong></span> <span class='ocrx_word' id='word_1_324' title='bbox 850 3779 902 3853; x_wconf 89' lang='grc'><strong>92,</strong></span> <span class='ocrx_word' id='word_1_325' title='bbox 928 3779 967 3842; x_wconf 93' lang='grc'><strong>15</strong></span> <span class='ocrx_word' id='word_1_326' title='bbox 989 3779 1170 3841; x_wconf 78' lang='lat' dir='ltr'><strong>arbitratur</strong></span> 
     </span>
     <span class='ocr_line' id='line_1_41' title="bbox 150 3866 1167 3946; baseline 0.002 -16"><span class='ocrx_word' id='word_1_327' title='bbox 150 3887 187 3930; x_wconf 93' lang='lat' dir='ltr'><strong>eo</strong></span> <span class='ocrx_word' id='word_1_328' title='bbox 210 3868 299 3930; x_wconf 85' lang='lat' dir='ltr'><strong>modo</strong></span> <span class='ocrx_word' id='word_1_329' title='bbox 322 3885 390 3928; x_wconf 87' lang='lat' dir='ltr'><strong>esse</strong></span> <span class='ocrx_word' id='word_1_330' title='bbox 412 3867 572 3928; x_wconf 89' lang='lat' dir='ltr'><strong>decurtata</strong></span> <span class='ocrx_word' id='word_1_331' title='bbox 586 3873 678 3946; x_wconf 89' lang='lat' dir='ltr'><strong>etque</strong></span> <span class='ocrx_word' id='word_1_332' title='bbox 694 3868 838 3942; x_wconf 83' lang='lat' dir='ltr'><strong>orabant,</strong></span> <span class='ocrx_word' id='word_1_333' title='bbox 861 3866 1081 3930; x_wconf 80' lang='lat' dir='ltr'><strong>arbitrabatur</strong></span> <span class='ocrx_word' id='word_1_334' title='bbox 1100 3883 1167 3932; x_wconf 74' lang='lat' dir='ltr'><strong>reo·</strong></span> 
     </span>
     <span class='ocr_line' id='line_1_42' title="bbox 148 3949 1169 4036; baseline -0.006 -15"><span class='ocrx_word' id='word_1_335' title='bbox 148 3954 215 4034; x_wconf 66' lang='lat' dir='ltr'><strong>dus</strong></span> <span class='ocrx_word' id='word_1_336' title='bbox 234 3952 344 4027; x_wconf 78' lang='lat' dir='ltr'><strong>scribit</strong></span> <span class='ocrx_word' id='word_1_337' title='bbox 366 3971 463 4036; x_wconf 87' lang='lat' dir='ltr'><strong>neque</strong></span> <span class='ocrx_word' id='word_1_338' title='bbox 483 3949 556 4031; x_wconf 88' lang='grc'>158,</span> <span class='ocrx_word' id='word_1_339' title='bbox 574 3949 615 4016; x_wconf 81' lang='grc'><strong>36</strong></span> <span class='ocrx_word' id='word_1_340' title='bbox 638 3953 675 4017; x_wconf 92' lang='lat' dir='ltr'><strong>de</strong></span> <span class='ocrx_word' id='word_1_341' title='bbox 696 3952 878 4019; x_wconf 83' lang='lat' dir='ltr'><strong>arbitratur</strong></span> <span class='ocrx_word' id='word_1_342' title='bbox 898 3950 1087 4019; x_wconf 84' lang='lat' dir='ltr'><strong>subdubitari</strong></span> <span class='ocrx_word' id='word_1_343' title='bbox 1108 3969 1169 4016; x_wconf 86' lang='lat' dir='ltr'><strong>non</strong></span> 
     </span>
    </p>
   </div>
   <div class='ocr_carea' id='block_1_4' title="bbox 0 0 1336 4492">
    <p class='ocr_par' dir='ltr' id='par_1_6' title="bbox 0 0 1336 4492">
     <span class='ocr_line' id='line_1_43' title="bbox 0 0 1336 4492; baseline 0 0"><span class='ocrx_word' id='word_1_344' title='bbox 0 0 1336 4492; x_wconf 95' lang='lat' dir='ltr'><strong> </strong></span> 
     </span>
    </p>
   </div>
  </div>
 </body>
</html>
