2616 4492
226 273 288 338 156
550 290 600 337 nn
621 266 737 337 nuum
761 288 917 338 csnnrco

224 430 287 493 iore
308 437 396 510 parte
418 427 532 490 amissa
554 430 740 491 consternati
760 429 933 510 profugiunt
952 427 1065 508 partim
1086 427 1173 490 silvis
1188 448 1244 509 pe·-

224 516 305 590 titis,
327 516 438 596 partim
461 515 597 589 flumine,
620 515 671 596 qui
693 524 796 577 tamen
818 517 849 577 in
871 517 943 594 fuga
966 535 986 576 a
1007 515 1119 576 uostris
1135 515 1244 577 acriter

224 602 451 684 insequentibus
485 603 689 675 conficiuntur,
724 621 789 663 cum
815 602 935 663 interim
964 601 1047 662 nulla
1069 600 1244 663 calamitate

224 689 322 751 victus
345 689 474 751 Correus
498 689 637 749 excedere
659 688 772 768 proelio
795 688 947 768 silvasque
969 695 1071 767 petere
1094 696 1148 748 aut
1161 688 1243 749 invi-

195 776 361 837 otantibus
383 774 495 836 nostris
523 776 563 836 ad
591 775 773 836 deditionem
800 775 900 855 potuit
928 774 1050 848 adduci,
1085 775 1156 854 quin
1178 776 1244 835 for«

225 863 342 924 tissime
364 861 537 942 proeliando
567 861 792 940 compluresque
818 860 1004 922 vulnerando
1033 869 1154 942 cogeret
1176 860 1244 922 ela-

224 957 272 1009 tos
294 947 450 1010 iracundia
471 947 599 1008 victores
621 948 653 1007 iu
676 967 709 1008 se
731 948 794 1008 tela
816 947 970 1009 conficere.

181 1038 216 1088 20
289 1034 359 1095 Tali
381 1035 469 1096 modo
492 1053 524 1094 re
546 1041 633 1114 gesta
653 1033 823 1095 recentibus
846 1033 951 1113 proelii
973 1031 1109 1112 vestigiis
1124 1031 1245 1112 ingres*

225 1141 276 1181 sus
304 1120 429 1193 Caesar,
459 1139 526 1181 cum
554 1120 648 1181 victos
671 1129 759 1181 tanta
781 1119 953 1181 calamitate
976 1117 1165 1180 existimaret
1185 1118 1245 1179 hou

187 1223 211 1260 ¹⁰
225 1217 288 1268 stes
310 1207 414 1267 nuntio
437 1216 559 1286 accepto
582 1206 680 1267 locum
701 1215 865 1267 castrorum
889 1205 1058 1278 relicturos,
1083 1223 1161 1284 quae
1183 1223 1245 1266 nou

224 1292 343 1374 lougius
366 1295 405 1354 ab
428 1312 464 1354 ea
486 1294 575 1354 caede
599 1293 706 1354 abesse
728 1291 796 1372 plus
817 1292 916 1353 minus
939 1307 1004 1352 vm
1026 1290 1146 1352 milibus
1161 1291 1245 1352 dice-

224 1379 343 1453 bantur,
366 1379 489 1440 tametsi
510 1378 631 1439 flumine
652 1379 828 1458 impeditum
849 1378 1008 1440 transitum
1028 1377 1167 1452 videbat,
1191 1385 1243 1438 ta-

223 1484 291 1526 men
315 1466 445 1527 exercitn
466 1466 605 1526 traducto
627 1465 820 1544 progreditur.
853 1464 900 1526 At
920 1463 1075 1526 Bellovaci
1090 1463 1243 1543 reliquae-

225 1571 281 1632 que
309 1552 447 1613 civitates
469 1558 591 1630 repente
615 1570 652 1611 ex
672 1552 745 1632 fuga
765 1552 868 1631 paucis
891 1559 981 1631 atque
1003 1550 1051 1611 his
1073 1550 1242 1612 vulneratis

186 1654 210 1694 ιτ,
224 1638 364 1718 receptis,
388 1638 438 1718 qui
460 1637 603 1698 silvamm
625 1637 768 1699 beneficio
792 1657 893 1699 casum
916 1637 1119 1709 evitaverant,
1144 1636 1244 1698 omui-

224 1725 280 1787 bus
303 1724 439 1788 adversis
462 1724 581 1804 cognita
602 1724 791 1798 calamitate,
814 1725 971 1785 interfecto
984 1723 1104 1797 Correo,
1128 1723 1241 1784 amisso

224 1812 361 1892 equitatu
389 1820 420 1873 et
440 1810 612 1873 fortissimis
634 1811 785 1891 peditibus
809 1830 875 1871 cum
898 1811 1063 1870 adventare
1084 1809 1241 1870 Romanos

224 1897 446 1973 existimarent,
481 1896 605 1958 concilio
640 1907 762 1976 repente
789 1905 880 1958 cantu
907 1897 1047 1957 tubarum
1077 1903 1241 1957 convocato

224 1984 428 2056 conclamant,
465 1982 556 2063 legati
593 1983 772 2062 obsidesque
805 1983 845 2044 ad
877 1981 1040 2044 Caesarem
1072 1981 1240 2043 mittantur.

181 2069 291 2131 211100
318 2069 455 2131 omnibus
481 2069 610 2148 probato
638 2068 761 2130 consilio
790 2069 941 2131 Commius
970 2067 1104 2131 Atrebas
1127 2068 1166 2130 ud
1189 2087 1241 2130 eos

180 2178 203 2216 m
224 2155 355 2235 confugit
382 2155 565 2227 Germanos,
599 2175 618 2216 a
645 2155 750 2234 quibus
780 2156 817 2216 ad
845 2155 876 2217 id
903 2155 1014 2216 bellum
1037 2153 1151 2216 auxilia
1172 2173 1241 2216 mu-

223 2250 328 2303 tuatus
356 2250 429 2302 erat.
474 2240 575 2302 Ceteri
604 2260 620 2301 e
646 2240 773 2321 vestigio
800 2241 926 2303 mittunt
947 2242 987 2302 ad
1008 2240 1172 2303 Caesarem
1193 2239 1240 2302 le-

224 2337 311 2408 gatos
344 2336 522 2408 petuntque,
561 2335 596 2388 ut
618 2339 664 2387 'ea
695 2345 809 2406 poena·
828 2328 868 2388 sit
900 2336 1057 2389 contentus
1090 2327 1240 2400 hostium,

224 2432 314 2494 quam
338 2413 364 2474 si
387 2413 451 2474 sine
474 2412 663 2474 dimicatione
684 2412 792 2476 inferre
813 2413 938 2494 integris
960 2422 1079 2494 posset,
1107 2432 1162 2493 pro
1185 2432 1243 2474 sua

180 2499 383 2561 inclementia
415 2508 505 2578 atque
531 2498 718 2560 humanitate
745 2519 908 2579 numquam
934 2502 1067 2579 profecto
1090 2508 1172 2562 esset
1192 2499 1242 2560 in·-

223 2586 351 2647 laturua
395 2585 543 2647 Adflictas
566 2605 638 2664 opes
662 2587 793 2666 equestri
815 2586 928 2666 proelio
943 2586 1171 2647 Bellovacomm
1188 2605 1240 2647 es-

223 2688 272 2744 se;
301 2671 483 2733 delectorum
510 2672 644 2751 peditum
671 2672 768 2734 multa
790 2672 873 2734 milia
894 2671 1049 2746 interisse,
1082 2672 1135 2734 vix
1157 2673 1242 2734 relu-

223 2758 302 2838 gisse
335 2758 456 2819 nuntios
479 2759 587 2820 caedis.
633 2759 747 2820 Tamen
769 2779 925 2840 magnum,
958 2767 992 2821 ut
1018 2759 1050 2820 in
1076 2766 1165 2820 tanta
1186 2777 1243 2819 cae

222 2843 374 2918 lamitate,
403 2844 581 2906 Bellovacos
604 2864 639 2906 eo
661 2845 774 2925 proelio
797 2847 984 2908 commodum
1007 2865 1073 2908 esse
1095 2864 1241 2907 consecu-

183 2955 210 2994 ao
223 2940 287 3004 tos,
317 2933 396 3011 quod
423 2932 567 3005 Correus,
596 2941 702 2993 auctor
724 2931 809 3005 belli,
838 2932 1003 2994 concitator
1024 2930 1240 3008 multitudinis,

224 3025 306 3078 esset
326 3017 511 3079 interfectus.
555 3017 726 3097 Numquam
750 3018 828 3079 enim
851 3026 987 3079 senatum
1009 3027 1128 3080 tantum
1150 3018 1182 3079 in
1196 3019 1241 3081 ci-

223 3102 320 3165 vitate
352 3103 403 3165 illo
436 3103 522 3176 vivo,
560 3113 706 3183 quantum
738 3104 908 3185 imperitam
943 3103 1059 3184 plebem
1096 3104 1241 3185 potuisse.

181 3190 309 3252 22Haoc
330 3188 486 3251 orantibus
507 3189 614 3270 legatis
636 3201 849 3253 commemorat
870 3190 999 3252 Caesar:
1022 3190 1138 3252 Eodem
1162 3200 1242 3253 tem-

222 3294 296 3356 pore
319 3276 470 3356 superiore
493 3295 571 3337 anno
593 3275 770 3337 Bellovacos
793 3285 968 3357 ceterasque
991 3275 1110 3339 Galliae
1132 3278 1242 3340 civita-

180 3393 208 3431 π
224 3371 270 3424 tes
294 3363 461 3442 suscepisse
483 3361 615 3434 bellum3
647 3362 884 3442 pertinacissime
910 3364 966 3425 hos
990 3384 1028 3426 ex
1049 3364 1187 3427 omnibus
1209 3365 1241 3427 in

224 3449 375 3510 sententia
397 3448 599 3529 permansisse
621 3467 718 3528 neque
740 3450 779 3511 ad
802 3449 962 3511 sanitatem
986 3450 1169 3530 reliquorum
1185 3452 1241 3514 dc-

223 3536 334 3597 ditione
358 3554 425 3597 esse
447 3535 613 3616 perductos.
659 3534 743 3597 Scire
766 3544 856 3615 etque
877 3536 1049 3617 intellegere
1070 3557 1102 3599 se
1118 3556 1243 3600 causam

222 3623 338 3701 peccati
359 3622 498 3684 facillime
520 3620 645 3683 mortuis
669 3620 808 3702 delegari.
851 3621 1010 3685 Neminem
1032 3643 1104 3685 vero
1122 3633 1243 3686 tantum

223 3708 350 3787 pollere,
374 3717 407 3769 ut
428 3708 531 3769 invitis
554 3707 754 3787 principibus,
777 3706 938 3771 resistente
954 3719 1077 3785 senatu,
1101 3710 1241 3773 omnibus

182 3822 210 3862 ω
223 3794 311 3855 bonis
344 3795 583 3875 repugnantibus
615 3793 734 3855 infirma
760 3813 851 3856 mauu
877 3795 974 3875 plebis
1002 3795 1113 3858 bellum
1141 3797 1243 3858 conci-

224 3888 290 3941 tare
318 3889 350 3941 et
375 3899 478 3961 gerere
505 3887 624 3960 posset3
659 3881 711 3942 sed
737 3889 840 3942 tamen
867 3902 900 3944 se
923 3891 1096 3946 contentum
1118 3885 1184 3945 fore
1206 3902 1244 3946 ea

224 3985 337 4047 poena,
362 3985 450 4047 quam
473 3967 532 4030 sibi
554 3965 613 4046 ipsi
634 3967 865 4031 contraxissent.
