2616 4492
232 270 274 335 18
556 287 606 333 nn
627 286 744 335 anano
768 287 922 336 eanmco

192 443 228 495 ss
292 424 367 488 Cum
388 423 481 487 tridui
502 425 584 487 viam
605 425 818 506 processisset,
840 427 1012 489 nuntiatum
1034 433 1082 489 est
1104 425 1132 489 ei
1152 425 1251 490 Ario-

224 511 337 574 vistum
363 531 429 574 cnm
458 511 521 573 suis
549 513 686 575 omnibus
709 513 803 593 copiis
826 515 866 574 ad
888 513 1094 593 occupandum
1121 512 1249 576 Veson-

225 599 353 671 tionem,
387 598 468 678 quod
496 606 545 659 est
566 599 707 680 oppidum
729 599 894 660 maximnm
917 597 1142 679 Sequanorum,
1171 618 1249 661 oon-

225 687 350 748 tendere
383 683 533 764 triduique
559 686 640 746 viam
668 704 688 747 a
716 685 778 746 snis
801 685 910 748 finibus
932 685 1105 765 profecisse.
1149 685 1186 747 Id
1209 705 1249 747 ue

196 772 389 845 succideret,
413 789 522 850 magno
546 790 634 851 opere
657 771 715 834 sibi
736 773 976 851 praecavendum
999 771 1116 833 Caesar
1137 771 1248 834 existi-

224 859 339 922 mabat.
382 856 523 937 Namque
556 857 686 920 omnium
718 877 833 930 rernm,
867 877 945 938 qnae
972 858 1012 920 ad
1038 857 1151 920 bellum
1178 856 1250 919 nsni

226 953 330 1017 erant,
363 962 483 1006 summa
510 953 576 1005 erat
595 945 628 1005 in
650 963 684 1006 eo
708 944 818 1024 oppido
840 942 985 1016 facultas,
1018 943 1108 1024 idque
1135 953 1251 1006 natura

225 1030 284 1094 loci
306 1030 350 1092 sio
370 1029 569 1105 muniebatur,
592 1040 627 1092 ut
648 1050 788 1111 magnam
812 1032 852 1091 ad
874 1030 1040 1092 ducendum
1061 1029 1172 1093 bellum
1188 1031 1249 1093 da-

226 1125 274 1181 ret
304 1115 494 1190 facultatem,
526 1125 688 1196 propterea
715 1117 795 1197 qnod
822 1117 931 1177 flumen
957 1115 1055 1178 Dubis
1082 1124 1117 1177 ut
1138 1115 1250 1178 circino

184 1230 213 1269 ro
227 1203 459 1266 circumductum
480 1221 576 1282 paene
597 1212 694 1264 totum
717 1202 858 1282 oppidum
882 1202 987 1282 cingit3
1010 1201 1157 1282 reliquum
1173 1222 1250 1282 spa-

227 1289 319 1363 tium,
342 1289 422 1369 quod
445 1297 492 1350 est
514 1308 575 1350 nou
597 1288 727 1369 amplius
741 1290 851 1369 pedum
866 1296 1090 1363 sexcentorum,
1114 1307 1175 1369 qua
1188 1288 1251 1350 flu-

227 1395 297 1439 men
323 1374 512 1446 intermittit,
540 1394 627 1437 mons
650 1375 782 1437 eontinet
804 1394 915 1456 magna
937 1375 1114 1448 altitudine,
1142 1374 1189 1437 ita
1213 1383 1251 1437 ut

225 1462 341 1524 radices
362 1461 474 1522 montis
497 1480 534 1522 ex
555 1469 684 1540 utraque
705 1470 791 1540 parte
813 1461 897 1540 ripae
917 1461 1048 1522 fluminis
1063 1461 1249 1542 contingant

225 1549 316 1611 Hunc
337 1567 439 1609 murus
462 1546 661 1608 circumdatus
686 1566 784 1609 arcem
808 1547 897 1609 efficit
919 1555 950 1608 et
964 1566 1034 1609 cum
1046 1547 1157 1628 oppido
1174 1566 1250 1609 con-

183 1660 210 1698 ιι
225 1634 330 1716 iungit.
374 1633 442 1694 Huc
474 1632 589 1695 Caesar
617 1633 734 1713 magnis
756 1634 910 1695 nocturnis
933 1633 1106 1715 diurnisque
1126 1633 1250 1695 itineri-

225 1723 282 1783 bus
305 1720 459 1792 contendit
480 1727 684 1798 occnpatoque
707 1718 815 1799 oppido
838 1720 881 1780 ibi
902 1720 1085 1798 praesidium
1100 1718 1248 1781 conlocat

182 1811 218 1865 39
268 1807 348 1868 Dum
370 1824 482 1886 pancos
504 1805 568 1868 dies
591 1807 632 1866 ad
646 1805 865 1867 Vesontionem
880 1805 925 1867 rei
938 1805 1151 1869 lamentariae
1164 1824 1251 1869 com-

226 1900 403 1972 meatusque
426 1911 517 1953 cansa
539 1900 683 1966 moratur,
707 1912 745 1953 ex
758 1891 987 1971 percontatione
999 1901 1175 1955 nostrorum
1188 1910 1250 1955 ro·
1275 1964 1289 1977 ,-

227 1979 370 2058 cibusque
404 1976 561 2039 Gallorum
595 1997 630 2039 ac
662 1987 876 2051 mercatorum,
910 1976 961 2058 qni
986 1977 1101 2058 ingenti
1127 1978 1251 2059 magni..
1268 1972 1302 2013 ¹2*-

184 2089 213 2128 ιο
227 2064 331 2126 tudine
354 2082 509 2142 corporum
532 2062 717 2138 GermanoS,
740 2063 905 2126 incredibili
927 2064 1039 2126 virtme
1054 2073 1144 2144 atque
1159 2084 1251 2127 exer-

227 2149 370 2212 citatione
392 2150 423 2211 in
446 2149 537 2210 armis
560 2169 627 2211 esse
642 2150 876 2230 praedicabant,
890 2186 934 2197 -
949 2169 1164 2230 saepenumero
1180 2169 1250 2215 sese

228 2255 294 2298 cnm
321 2236 369 2297 his
397 2254 572 2314 congressos
601 2255 639 2297 ne
659 2237 777 2297 vultum
800 2236 920 2317 quidem
942 2245 1033 2317 atque
1055 2236 1151 2298 aciem
1173 2256 1250 2300 ocn-

227 2323 326 2384 lomm
347 2323 425 2383 ferre
447 2321 583 2401 potuisse
597 2357 656 2396 —,
683 2330 789 2385 tantus
817 2323 916 2385 subito
938 2322 1028 2384 timor
1050 2342 1169 2384 omnem
1192 2342 1250 2385 ex-

229 2408 352 2471 ercitum
375 2407 545 2486 occupavit,
568 2415 601 2469 nt
623 2426 684 2469 non
697 2406 886 2471 mediocriter
900 2409 1031 2471 omnium
1046 2417 1164 2472 mentes
1179 2409 1250 2472 ani-

185 2521 213 2559 as
229 2514 354 2574 mosque
385 2495 585 2574 perturbaret.
629 2494 688 2556 ffio
718 2494 848 2575 primum
881 2504 965 2557 ortus
999 2504 1045 2557 est
1072 2514 1092 2557 a
1117 2495 1249 2559 tribunis

228 2581 373 2655 militnm,
396 2579 552 2660 praefectis
564 2579 761 2661 reliquisque,
783 2581 834 2661 qni
849 2600 888 2644 ex
901 2583 976 2643 urbe
990 2581 1141 2659 amicitiae
1155 2601 1251 2645 causa

230 2666 393 2729 Caesarem
420 2665 516 2727 secuti
542 2685 602 2728 nou
624 2685 766 2746 magnum
787 2667 819 2729 iu
840 2686 874 2729 re
896 2668 1028 2757 militari,
1040 2688 1129 2730 neum
1150 2668 1250 2730 habe-

229 2754 318 2815 bant:
343 2770 468 2832 quorum
490 2751 568 2813 alins
591 2752 652 2813 alia
673 2772 765 2814 cansa
785 2752 896 2828 inlata,
919 2772 1012 2834 qnam
1032 2754 1091 2817 eibi
1113 2756 1153 2816 ad
1175 2773 1251 2834 pro-

230 2839 420 2902 ficiscendum
443 2838 644 2900 necessariam
666 2859 733 2901 esse
750 2839 875 2913 diceret,
897 2841 1037 2920 petebat,
1060 2849 1095 2902 ut
1110 2840 1174 2903 eius
1189 2860 1249 2902 vo-

187 2953 216 2989 co
230 2926 348 2987 luntate
376 2925 527 2986 discedere
550 2925 665 2998 liceret3
693 2925 828 2986 nonnulli
849 2927 963 3006 pudore
985 2927 1121 3000 adducti,
1149 2935 1185 2988 ut
1205 2927 1251 2989 ti-

230 3012 323 3074 moris
351 3011 548 3097 suspicionem
570 3011 717 3085 vitarent,
745 3014 950 3074 remanebant.
994 3013 1037 3075 Hi
1058 3033 1154 3093 nequo
1175 3013 1250 3074 vul·

231 3108 295 3161 tum
318 3099 429 3178 lingere
450 3117 544 3176 neque
565 3097 714 3160 interdum
736 3098 875 3160 lacrimas
894 3108 997 3161 tenere
1010 3108 1166 3179 poterant:
1189 3100 1249 3161 ab·

232 3185 287 3247 diti
308 3185 340 3246 in
362 3184 562 3246 tabernaculis
584 3193 638 3245 aut
660 3204 748 3247 snum
769 3186 864 3246 fetum
888 3185 1090 3265 querebantur
1111 3194 1166 3247 aut
1179 3204 1247 3247 cum

230 3270 426 3334 familiaribus
450 3271 511 3331 suis
534 3290 689 3333 commune
711 3271 872 3351 pericnlum
888 3271 1117 3333 miserabantur.
1144 3270 1248 3353 Vulgo

187 3383 215 3421 es
231 3358 304 3421 totis
331 3357 439 3418 castris
467 3366 650 3419 testamenta
682 3357 929 3437 obsignabantur.
973 3359 1091 3421 Horum
1123 3356 1249 3421 vocibus

231 3465 267 3507 ac
288 3444 396 3505 timore
417 3443 564 3523 paulatim
587 3444 678 3504 etiam
700 3443 736 3517 ii,
760 3442 811 3522 qui
833 3462 975 3522 magnum
989 3444 1021 3505 in
1036 3444 1143 3506 castris
1158 3462 1249 3507 nsum

230 3531 400 3604 habebant,
434 3529 542 3591 milites
576 3529 821 3608 centurionesque
850 3531 959 3610 quique
988 3530 1134 3610 equitatui
1155 3550 1249 3610 prae·

231 3625 333 3690 erant,
356 3616 616 3696 perturbabantur.
662 3612 723 3683 Qui
744 3634 777 3676 se
799 3635 837 3677 ex
859 3616 907 3678 his
929 3617 1027 3678 miuus
1042 3616 1165 3679 timidos
1182 3616 1249 3679 exi-

230 3702 349 3765 stimari
381 3702 536 3775 volebant,
571 3720 631 3762 non
659 3721 691 3761 se
717 3701 836 3763 hostem
862 3704 975 3778 vereri,
1010 3704 1063 3764 sed
1090 3703 1247 3784 angustias

187 3814 216 3851 so
230 3788 361 3861 itineris,
385 3788 617 3867 magnitudinem
641 3787 800 3862 sinaeum,
827 3808 904 3870 qnae
926 3790 1146 3852 intercederent
1166 3790 1249 3853 inter

229 3875 311 3954 ipsos
335 3883 425 3954 atque
446 3873 650 3946 Ariovistum,
679 3880 734 3937 ant
751 3894 815 3938 rem
836 3875 1078 3952 frumentariam,
1106 3885 1142 3938 ut
1168 3877 1248 3939 eatis

229 3962 382 4023 commode
415 3961 583 4040 supportari
609 3967 729 4039 posset,
761 3961 867 4024 timere
901 3964 1051 4026 dicebant.
1098 3962 1248 4041 Nonnulli
