2616 4492
488 1053 792 1116 PRAEFATIO.

196 1282 256 1344 Quo
284 1286 405 1349 tempore
432 1286 555 1335 veterum
583 1280 685 1351 ingenii
707 1286 882 1333 monumenta
901 1279 1012 1332 inventa
1034 1284 1094 1331 arte
1115 1283 1159 1348 ty-

130 1365 300 1437 pographica
328 1367 414 1419 tutius
441 1367 539 1419 litteris
561 1367 684 1421 mandari
707 1374 805 1436 coepta
827 1372 905 1427 sunt,
934 1383 989 1419 non
1016 1363 1161 1433 purissima

131 1453 240 1506 omnino
262 1459 312 1504 aut
334 1453 495 1506 electissima
518 1469 656 1521 quaeque,
684 1456 732 1505 sed
756 1470 789 1506 ea
809 1454 880 1513 fere,
908 1468 980 1519 quae
1002 1451 1057 1503 fors
1080 1451 1160 1501 obtu-

134 1541 219 1600 lerat,
243 1540 370 1607 exempla
392 1555 485 1591 eorum
508 1540 742 1592 describebantur..
782 1539 835 1591 Sed
857 1543 890 1588 ut
911 1535 939 1588 in
961 1535 1056 1587 ceteris
1078 1537 1160 1587 rebus

126 1626 222 1694 quod,
251 1625 373 1692 quamvis
396 1625 451 1677 vile
473 1625 521 1685 sit,
556 1625 649 1691 aliqua
672 1626 706 1675 de
729 1640 812 1675 causa
834 1623 919 1674 semel
940 1621 1057 1673 invaluit
1079 1625 1162 1688 atquc

134 1728 187 1763 usu
209 1716 349 1778 receptum
372 1715 426 1770 cst,
448 1711 528 1761 tarde
550 1710 622 1761 cedit
644 1709 690 1770 iis,
713 1725 784 1776 quae
799 1708 912 1760 meliora
926 1712 1003 1769 sunt,
1027 1705 1065 1758 sio
1080 1706 1163 1758 etiam

134 1813 197 1850 cum
224 1795 251 1847 in
278 1796 338 1848 aliis
367 1794 538 1862 antiquitatis
566 1793 672 1863 scriptis
694 1792 933 1862 praestantissimis
956 1798 1015 1844 turn
1036 1792 1064 1843 in
1086 1790 1163 1844 libris

135 1883 162 1936 C.
187 1881 250 1934 Iulii
279 1881 400 1934 Caesaris
422 1880 497 1951 typis
522 1880 705 1933 exscribendis
734 1897 833 1950 magno
856 1881 988 1931 bonarum
1010 1878 1164 1930 litterarum

136 1967 304 2020 incommodo
338 1967 440 2018 factum
473 1983 532 2019 esse
566 1966 696 2019 ridemus.
746 1967 804 2019 Iam
837 1965 865 2017 in
893 1964 975 2017 ltalia
1001 1964 1164 2032 aliquotiens

136 2054 218 2108 valde
250 2055 379 2105 mendose
405 2053 559 2106 litterarum
586 2053 708 2105 formulis
737 2052 865 2120 descripti
894 2056 972 2103 erant
998 2050 1062 2102 libri
1090 2049 1164 2102 illius

137 2139 235 2192 summi
263 2139 338 2190 ducis
366 2138 627 2206 praeclarissimique
647 2155 739 2191 rerum
761 2155 779 2191 a
799 2156 829 2190 se
850 2143 991 2207 gestarum
1012 2135 1164 2204 scriptoris,

139 2241 200 2277 oum
221 2229 295 2276 trans
318 2225 404 2292 Alpes
427 2225 508 2278 aliter
529 2230 557 2277 et
579 2225 743 2293 quibusdam
766 2229 838 2276 certe
860 2224 986 2292 partibus
1008 2222 1107 2283 rectius
1128 2220 1166 2282 hi,

140 2310 187 2380 qui
211 2311 314 2363 bellum
336 2311 471 2363 Gallicum
494 2310 645 2371 continent,
670 2309 732 2363 libri
754 2309 820 2362 editi
842 2315 918 2361 sunt:
941 2309 1009 2360 haec
1030 2324 1094 2360 rero
1110 2306 1166 2359 edi·

140 2396 192 2457 tio,
216 2413 300 2465 quae,
323 2397 388 2464 quia
409 2398 482 2449 unde
504 2397 649 2464 prodiisset
670 2396 803 2448 incertum
825 2395 979 2456 videbatur,
1001 2394 1105 2446 incerta
1119 2410 1167 2445 vo·

141 2488 205 2535 cata
228 2487 282 2543 est,
304 2482 361 2534 sire
383 2482 410 2533 in
434 2482 597 2536 oblivionem
619 2499 684 2535 mox
705 2481 781 2534 venit
802 2481 859 2533 sire
881 2481 908 2532 in
932 2479 1166 2547 contemptionem,

140 2584 208 2638 prae
238 2567 315 2622 Italis
337 2567 426 2620 raluit
446 2568 522 2621 nihil.
565 2568 657 2621 Etiam
680 2585 740 2620 cum
762 2584 780 2620 a
801 2566 917 2635 pristina
939 2565 1060 2618 codicum
1082 2565 1168 2617 classe

89 2645 93 2651 ⁵
140 2670 242 2724 magna
264 2659 399 2722 exparte
423 2653 598 2707 descivissent
620 2654 751 2706 editiones
771 2647 900 2715 Italicae,
923 2654 975 2705 hae
998 2649 1119 2720 inprimis
1142 2648 1170 2700 in

141 2741 244 2793 honore
265 2739 389 2802 fuerunt,
417 2742 461 2793 vel
483 2740 571 2792 dicam
593 2745 652 2792 turn
674 2741 760 2792 multo
782 2738 883 2809 magis,
912 2738 1014 2805 quippe
1042 2753 1113 2805 quae
1135 2751 1171 2787 cx

142 2824 359 2878 doctissimorum
381 2827 548 2878 Venetorum
569 2825 699 2878 societate
721 2829 804 2892 atque
820 2843 856 2878 ex
871 2824 977 2876 officina
992 2821 1171 2874 inclutissima

142 2911 281 2981 profectae
304 2915 400 2962 essent.
444 2911 476 2962 In
497 2910 586 2977 prima
609 2911 718 2978 quidem
738 2910 856 2962 editione
878 2910 981 2963 Aldina
995 2909 1110 2961 Ioannes
1126 2907 1171 2959 Ius

143 2998 248 3051 cundus
271 2993 435 3048 Veronensis
457 2994 486 3044 in
506 2995 658 3061 prooemio,
686 3001 831 3065 postquam
853 2994 1072 3048 commemorarit
1094 3008 1172 3044 suam

146 3098 270 3150 operam,
298 3082 348 3131 ”ex
375 3079 449 3140 hoo”,
477 3077 578 3145 inquit,
607 3080 746 3131 ”effectum
774 3087 831 3142 est,
858 3087 892 3132 ut
912 3096 1002 3149 pauca
1024 3078 1173 3130 admodum

144 3172 262 3228 restent,
291 3182 361 3234 quae
383 3165 412 3218 in
433 3180 513 3216 suum
535 3164 651 3215 nitorem
673 3164 803 3217 restituta
828 3183 882 3217 non
910 3164 978 3225 sint,
1005 3164 1053 3215 sed
1076 3166 1104 3212 et
1126 3176 1172 3212 eas

144 3254 261 3306 fortasse
289 3252 387 3320 aliquis
415 3250 563 3318 aliquando
593 3251 730 3318 deterget,
764 3250 841 3302 nobis
869 3250 897 3301 id
925 3249 990 3301 satis
1013 3247 1049 3299 sit
1071 3245 1173 3315 egisse,

146 3344 179 3391 ut
200 3354 356 3407 perpaucae
383 3336 491 3390 omnino
518 3335 641 3403 reliquae
663 3334 738 3386 sint.”
782 3336 860 3397 Quod
882 3335 987 3386 utinam
1009 3330 1090 3384 hodie
1112 3335 1175 3398 post

146 3428 281 3478 trecentos
303 3424 360 3475 fere
381 3428 410 3474 et
431 3421 630 3491 quinquaginta
651 3437 735 3472 annos
757 3437 821 3473 vere
843 3419 895 3472 dici
915 3421 1021 3488 posset!
1064 3417 1174 3470 Utcum-

148 3528 203 3580 que
231 3513 288 3571 est,
321 3510 373 3562 hoo
400 3513 476 3561 tanto
499 3507 628 3577 temporis
650 3507 810 3568 intervallo,
844 3505 967 3574 quamvis
989 3502 1105 3556 subinde
1127 3499 1175 3556 alii

148 3596 219 3650 alias
248 3599 298 3648 aut
325 3594 438 3647 fecerint
459 3598 509 3647 aut
528 3595 615 3648 factas
637 3593 774 3646 voluerint
794 3592 972 3652 mutationes,
1009 3589 1032 3642 is
1059 3603 1176 3641 revera

149 3684 248 3736 horum
276 3679 437 3750 scriptorum
464 3679 589 3742 habitus,
616 3680 663 3748 qui
693 3696 710 3733 a
737 3679 849 3743 Venetis
880 3677 934 3730 illis
956 3674 1096 3728 institutus
1119 3678 1175 3734 est,

149 3768 178 3820 in
207 3766 254 3828 iis,
282 3766 380 3835 quibus
408 3765 527 3819 maxime
547 3782 590 3818 res
614 3765 775 3827 continetur,
802 3781 890 3833 usque
918 3764 953 3815 ad
980 3766 1100 3813 nostram
1120 3776 1176 3811 me-

153 3852 267 3905 moriam
289 3857 332 3904 est
353 3856 535 3906 conservatus.
584 3853 615 3904 In
639 3868 669 3903 eo
692 3856 784 3904 autem
810 3867 854 3903 res
881 3847 1028 3919 praecipue
1054 3844 1177 3905 vertitur,

151 3943 246 3991 utrum
279 3939 430 3991 deserenda
463 3936 498 3990 sit
532 3936 640 3991 omnino
667 3936 722 3988 ista
747 3936 842 3990 classis
872 3940 920 3980 -·
939 3933 1086 3988 secundam
1113 3945 1176 3983 vero
