2616 4492
175 283 237 349 114
501 301 550 348 nn
572 300 690 349 nanno
712 300 869 350 amuco

133 445 167 499 13
240 440 355 503 Caesar
388 459 426 502 ex
457 440 564 502 castris
598 441 763 521 equitatum
797 440 882 503 educi
912 440 1013 514 iubet,
1049 440 1199 522 proelium

176 537 315 609 equestre
333 527 510 589 committit:
533 527 739 589 laborantibus
761 527 822 591 iam
844 527 907 589 suis
922 526 1093 590 Germanos
1107 529 1199 608 equi-

173 624 223 677 tes
245 613 361 676 circiter
382 627 471 676 cccc
493 614 670 688 summittit,
693 633 767 694 quos
791 615 831 675 ab
852 613 937 675 initio
959 613 1071 678 habere
1091 633 1199 677 secum

174 701 357 763 instituerat.
393 699 507 761 Eorum
528 699 674 780 impetum
696 699 779 762 Galli
794 700 943 762 sustinere
956 719 1018 762 non
1032 709 1202 780 potuerunt

145 796 267 868 eatque
298 787 331 848 iu
357 787 458 866 iugem
480 787 606 847 coniecti
627 786 730 848 multis
753 787 874 849 amissis
897 807 930 848 se
953 787 993 848 ad
1015 806 1122 868 agmen
1142 807 1200 849 re-

175 881 326 954 ceperunt.
377 870 495 941 Quibus
528 873 695 954 profligatis
728 893 833 934 rursus
867 873 1010 953 oppidani
1042 874 1199 953 perterriti

176 959 406 1039 comprehensos
429 979 496 1034 eos,
525 971 649 1039 quorum
673 978 765 1039 opera
786 959 903 1039 plebem
926 959 1106 1021 concitatam
1129 961 1200 1022 exi-

176 1046 357 1120 stimabant,
386 1046 426 1107 ad
447 1045 610 1107 Gaesarem
637 1047 844 1125 produxerunt
871 1065 997 1126 seseque
1023 1045 1051 1107 ei
1073 1046 1200 1108 dedide-

176 1139 256 1194 runt
298 1128 418 1201 Quibus
440 1132 530 1194 rebus
552 1131 695 1194 confectis
719 1131 833 1194 Caesar
855 1133 895 1193 ad
916 1132 1059 1212 oppidum
1080 1131 1201 1199 Avan-

138 1235 163 1275 ιο
176 1237 258 1291 cum,
281 1220 361 1299 quod
382 1228 449 1280 erat
470 1217 634 1280 maximum
656 1218 949 1299 munitissimumque
969 1219 1125 1281 infinibus
1140 1219 1201 1281 Bi-

176 1304 307 1384 turigum
340 1313 430 1384 atque
464 1304 529 1385 agri
560 1304 746 1367 fertilissima
779 1305 913 1384 regione,
949 1306 1100 1385 proiectus
1132 1313 1201 1380 eat,

177 1392 257 1473 quod
284 1410 319 1453 eo
344 1391 460 1471 oppido
488 1400 618 1470 recepto,
634 1391 787 1453 civitatem
808 1391 977 1472 Biturigum
997 1411 1032 1453 se
1053 1391 1086 1453 in
1107 1400 1199 1472 pote-

176 1485 288 1540 statem
311 1479 501 1540 redacturum
521 1478 702 1541 confidebat.

136 1566 170 1618 14
242 1563 475 1645 Vercingetorix
495 1573 543 1626 tot
561 1564 714 1634 continuis
736 1562 931 1625 incommodis
953 1561 1200 1639 Vellaunoduni,

133 1671 161 1711 ro
177 1649 311 1724 Genabi‚
338 1644 518 1713 Novioduni
544 1649 677 1731 acceptis
704 1669 775 1712 suos
798 1651 838 1712 ad
860 1649 1017 1719 concilium
1042 1659 1199 1713 convocat.

176 1737 273 1799 Docet
294 1737 382 1818 longe
403 1737 464 1800 alia
485 1737 603 1799 ratione
626 1756 694 1798 esse
714 1735 825 1798 bellum
847 1737 1007 1817 gerendum
1029 1745 1120 1818 atque
1139 1756 1200 1798 an·

176 1833 229 1885 tea
255 1833 371 1905 gestum
400 1823 454 1885 sit:
489 1823 626 1885 omnibus
654 1823 751 1884 modis
777 1821 847 1884 huic
866 1821 911 1884 rei
933 1824 1130 1898 studendum,
1164 1831 1201 1886 ut

175 1909 370 1989 pabulatione
397 1929 434 1970 ec
455 1918 622 1972 commeatu
643 1908 775 1971 Romani
801 1909 1028 1993 prohibeantur.
1071 1909 1109 1971 Id
1130 1928 1201 1972 esse

176 1995 280 2068 tactile,
414 1997 550 2074 equitatu
581 1995 641 2076 ipsi
667 1996 821 2058 abundent
848 2004 879 2057 et
907 1996 987 2077 quod
1015 1995 1088 2058 anni
1117 2005 1200 2059 tem-

134 2105 164 2145 ιο
177 2100 250 2162 poro
272 2082 329 2143 sub
342 2090 473 2143 eventun
508 2080 666 2147 ,Pabulum
688 2081 784 2145 secari
811 2101 871 2144 non
893 2099 999 2162 posse3
1025 2083 1199 2146 necessario

178 2166 331 2247 dispersos
353 2168 457 2229 bostes
480 2187 519 2229 ex
540 2167 682 2229 aedificiis
704 2176 822 2247 petere:
857 2168 913 2230 hos
937 2187 1040 2230 omnes
1062 2169 1199 2249 quotidie

178 2255 218 2316 ab
251 2253 400 2334 equitibus
434 2254 528 2316 deleri
558 2273 658 2334 posse.
697 2253 868 2316 ,Praeterea
900 2254 1008 2317 salutis
1034 2274 1128 2318 causa
1154 2255 1199 2319 rei

177 2339 335 2402 familiaris
360 2341 519 2402 commoda
540 2340 739 2421 neglegenda:
768 2340 851 2402 vicos
874 2348 966 2421 atque
987 2341 1126 2404 aedificia
1145 2341 1198 2404 in·

178 2426 265 2487 cendi
287 2434 425 2507 oportere
446 2424 504 2487 hoc
525 2426 624 2506 spatio
641 2446 667 2490 ,a
687 2426 765 2489 Boia
786 2446 1028 2508 quoquoversus,
1057 2447 1115 2508 quo
1137 2431 1199 2508 pa-

135 2537 164 2577 na
178 2512 301 2574 bulandi
323 2531 417 2574 causa
439 2513 521 2573 edire
542 2531 633 2592 posse
654 2511 822 2574 videantur.
857 2514 976 2576 Harum
997 2513 1072 2594 ipsis
1096 2533 1197 2577 rerum

178 2600 294 2678 copiam
317 2607 492 2679 suppetere,
521 2600 614 2679 quod,
638 2618 764 2677 quorum
786 2599 818 2660 in
841 2599 948 2662 finibus
970 2600 1082 2662 bellum
1104 2621 1195 2682 gera-

178 2693 238 2758 tur,
261 2704 365 2747 eorum
388 2686 495 2764 opibus
518 2684 726 2746 subleventur:
749 2686 904 2748 Romanos
921 2695 974 2748 aut
987 2686 1120 2767 inopiam
1134 2706 1196 2749 non

177 2772 294 2833 laturos
327 2780 381 2833 aut
407 2790 515 2852 magno
543 2791 609 2832 cum
636 2771 766 2852 periculo
792 2771 908 2853 longius
931 2774 970 2834 ab
992 2772 1101 2835 castris
1122 2792 1197 2853 pro-

178 2868 330 2932 cessuros:
353 2877 449 2939 neque
471 2858 633 2932 interesse,
656 2857 778 2937 ipsosne
799 2858 1195 2940 interficiantimpedimeu·

135 2970 164 3009 ao
177 2945 257 3006 tisue
280 2952 405 3019 exuant,
429 2944 535 3023 quibus
551 2943 671 3005 amissis
687 2944 798 3007 bellum
814 2945 877 3026 geri
891 2965 952 3007 non
965 2945 1072 3026 possit
1095 2946 1195 3008 Prae-

175 3040 259 3093 terea
280 3031 392 3117 oppida
413 3031 532 3093 incendi
555 3037 706 3110 oportere,
730 3051 808 3112 quae
824 3051 884 3100 non
899 3031 1119 3110 munitioneet
1139 3031 1198 3095 loci

175 3126 286 3180 natura
307 3118 346 3178 ab
369 3118 450 3179 omni
472 3117 535 3180 sint
555 3117 687 3197 periculo
709 3128 791 3192 tuta,
825 3138 885 3181 neu
907 3118 969 3181 suis
992 3119 1055 3181 siut
1075 3120 1117 3181 ad
1138 3119 1195 3181 de·

175 3204 363 3266 trectendam
385 3204 523 3266 militiam
545 3204 745 3284 receptacula,
780 3224 839 3266 neu
865 3205 1012 3267 Romanis
1039 3205 1197 3286 proposita

174 3291 214 3353 ad
247 3290 363 3371 copiam
397 3299 582 3352 commeatus
614 3292 818 3370 praedamque
841 3291 1015 3354 tollendam.
1059 3293 1147 3354 Haec
1168 3292 1195 3354 si

132 3401 161 3441 ae
175 3376 280 3457 gravia
302 3385 355 3439 aut
377 3378 487 3439 acerba
508 3377 677 3450 videantur,
700 3376 794 3439 multo
816 3376 870 3440 illa
884 3377 1006 3458 gravius
1021 3378 1194 3480 aesdmagp,

174 3462 300 3535 liberos,
334 3463 474 3544 coniuges
500 3463 532 3525 in
561 3463 738 3525 servitutem
760 3464 911 3540 abstrahi,
944 3465 1028 3545 ipsos
1050 3465 1195 3538 iuterim}

173 3568 251 3629 quae
274 3549 315 3610 sit
335 3568 457 3611 necesse
480 3549 613 3611 accidere
635 3548 733 3610 victis.

131 3645 164 3694 lt
238 3633 380 3697 Omnium
402 3655 551 3697 consensu
572 3635 630 3696 hac
652 3634 803 3697 sententia
824 3637 954 3716 probata
976 3656 1035 3698 uuo
1058 3636 1107 3699 die
1122 3654 1191 3699 am-

171 3720 251 3801 plius
274 3738 326 3782 xx
348 3723 437 3784 urbes
458 3721 628 3802 Biturigum
643 3718 854 3785 incenduntur.
897 3723 965 3785 Hoc
986 3723 1065 3785 idem
1086 3722 1120 3785 in
1142 3742 1194 3785 re-

129 3827 158 3866 so
172 3805 261 3887 liquis
293 3808 329 3869 iit
355 3807 537 3870 civitatibus.
580 3806 617 3868 Iu
638 3807 775 3870 omnibus
797 3809 933 3889 partibus
955 3809 1096 3871 incendia
1116 3828 1193 3872 con·

172 3893 351 3972 spiciuntur3
386 3913 462 3974 quae
485 3893 543 3956 etsi
564 3912 672 3974 magno
694 3913 761 3957 cum
784 3895 886 3958 dolore
909 3915 1013 3957 omnes
1034 3896 1192 3972 terebant,

170 3987 273 4040 tamen
294 3978 352 4040 hoc
373 3979 431 4041 sibi
454 3979 555 4042 solatii
576 3980 800 4060 proponebant,
823 3983 980 4063 explorata
994 3981 1121 4046 victorio
1136 4002 1189 4047 ce-
