2616 4492
207 271 230 346 8
533 286 582 333 nn
603 284 721 332 nunno
744 285 898 335 satureo

209 423 317 487 ducere
337 421 453 488 Aedui:
486 423 629 498 conferri,
656 424 851 503 comportari,
879 425 987 487 adesse
1014 424 1121 488 dicere.
1163 425 1226 492 Ubi

210 529 244 575 se
276 509 387 574 diutius
419 508 487 573 duci
512 507 661 573 intellexit
682 518 713 570 et
734 508 812 572 diem
834 510 964 586 instare,
998 530 1057 592 quo
1085 512 1133 574 dio
1159 514 1225 575 fru-

211 604 345 659 mentum
366 594 511 658 militibus
532 594 633 659 metiri
647 604 816 674 oporteret,
838 597 1008 660 convocatis
1024 617 1124 659 eorum
1139 598 1226 679 priu-

211 681 344 764 cipibus,
376 701 503 763 quorum
529 700 670 762 magnam
691 681 808 762 copiam
829 682 861 744 in
882 683 990 745 castris
1012 684 1160 758 habebat,
1194 684 1228 747 in

183 769 260 833 obis
280 768 432 832 Divitiaoo
461 777 492 830 et
516 766 622 843 Lisco,
656 767 707 847 qui
734 787 851 830 summo
873 769 1063 851 magistratui
1084 779 1230 850 praeerat

211 890 257 903 --
282 873 371 935 quem
397 854 605 935 vergobretum
632 853 787 934 appellant
807 854 923 930 Aedui,
957 856 1007 936 qui
1028 866 1147 918 creatur
1168 877 1230 918 an-

213 959 292 1004 nuus
325 949 356 1003 et
387 939 468 1003 vitae
500 940 639 1021 necisque
671 939 703 1000 in
735 960 807 1002 suos
844 941 938 1004 habet
968 951 1152 1022 potestatem
1184 978 1230 989 -

214 1026 348 1108 graviter
380 1046 431 1090 eos
465 1034 601 1109 accusat,
635 1027 730 1106 quod,
764 1045 830 1088 oum
857 1047 954 1109 neque
981 1028 1039 1090 emi
1066 1048 1161 1109 neque
1191 1048 1231 1091 ex

124 1167 127 1172 .
180 1168 182 1173 .
216 1112 297 1194 agris
319 1114 397 1175 sumi
417 1121 536 1193 posset,
558 1121 621 1174 tam
643 1113 811 1175 necessario
833 1121 984 1194 tempore,
1012 1124 1077 1176 tam
1102 1114 1231 1194 propin-

174 1222 203 1262 to
218 1198 285 1280 quis
316 1199 469 1273 hostibus,
503 1199 542 1261 ab
574 1197 612 1260 iis
644 1217 704 1260 nou
736 1199 919 1276 sublevetur,
952 1201 1128 1280 praesertim
1161 1220 1232 1264 oum

218 1304 329 1367 magna
360 1304 399 1349 ex
423 1293 511 1366 parte
539 1302 641 1346 eorum
667 1284 803 1365 precibus
826 1286 971 1349 adductus
993 1286 1104 1349 bellum
1126 1307 1233 1349 susos-

217 1371 312 1452 perit;
341 1371 434 1449 multo
457 1370 554 1457 etiam¹
569 1370 704 1455 gravius,
728 1372 806 1456 quod
829 1371 869 1434 sit
890 1373 1233 1458 destitutusaqueritur.

176 1459 209 1513 17
219 1457 297 1522 Tum
329 1458 449 1520 demum
479 1455 587 1518 Liscus
612 1455 755 1518 'orations
788 1456 1118 1533 Caesaris'adductus,
1151 1461 1235 1540 quod

217 1552 309 1606 antea
329 1552 482 1618 tacuerat,
504 1543 658 1624 proponit:
681 1542 760 1604 Esse
780 1544 954 1618 nonnullos,
977 1564 1103 1625 qnorum
1126 1555 1235 1608 aucto-

176 1652 203 1691 rs
218 1630 294 1694 ritas
327 1631 408 1711 apud
439 1629 558 1710 plebem
584 1628 743 1709 plurimum
770 1630 889 1703 valeat,
922 1631 972 1711 qui
998 1631 1142 1711 privatim
1162 1633 1235 1713 plus

218 1717 354 1798 possint,
377 1735 468 1797 quam
489 1715 548 1796 ipsi
568 1715 773 1796 magistratus.
808 1715 874 1778 Hos
897 1717 1042 1779 seditiosa
1063 1727 1153 1798 atque
1173 1718 1236 1780 im-

219 1804 317 1885 proba
337 1803 473 1865 oratione
487 1802 707 1863 multitudinem
723 1802 888 1876 deterrere,
911 1822 949 1865 ne
962 1804 1144 1865 trumentum
1159 1823 1235 1866 oon-

218 1891 333 1962 lerant,
372 1890 452 1968 quod
483 1897 639 1967 praestare
672 1888 808 1949 debeant
864 1888 899 1951 Si
934 1890 996 1951 iam
1033 1891 1236 1970 principatum

221 1974 341 2038 Galliae
363 1975 499 2036 obtinere
521 1973 726 2053 nonpossint,
750 1973 906 2037 Gallorum
921 1994 1011 2056 quam
1029 1975 1238 2039 Romanomm

179 2083 208 2125 ao
221 2060 348 2141 imperia
368 2062 515 2140 perferre,
543 2078 638 2139 neque
660 2060 810 2136 dubitare,
839 2061 926 2140 quin,
954 2062 980 2124 si
1001 2062 1158 2125 Helvetios
1181 2083 1237 2125 su-

222 2145 393 2228 peraverint
414 2145 560 2221 Romani,
582 2165 730 2208 unacum
751 2146 866 2227 reliqua
888 2147 990 2210 Gallia
1010 2147 1127 2210 Aeduis
1142 2147 1239 2210 liber-

223 2241 319 2296 tatem
352 2232 413 2294 sint
439 2231 579 2311 erepturi.
627 2230 680 2294 Ab
701 2232 807 2294 iisdem
829 2243 935 2296 nostra
956 2235 1081 2296 consilia
1102 2254 1239 2315 quaeque

224 2319 256 2382 in
282 2317 390 2381 castris
412 2326 554 2399 gerantur
575 2317 713 2379 hostibus
736 2319 900 2382 enuntiari:
933 2321 989 2383 hos
1012 2340 1032 2382 a
1054 2339 1086 2382 se
1108 2321 1240 2384 codrceri

224 2425 286 2468 non
317 2423 416 2484 posse.
461 2401 542 2474 Quin
574 2404 682 2477 etiam,
716 2407 796 2484 quod
823 2408 992 2468 necessario
1026 2427 1089 2469 rem
1117 2417 1240 2470 coactus

182 2515 210 2554 as
225 2490 352 2556 Caesari
374 2489 551 2566 enuntiarit,
574 2489 747 2570 intellegere
768 2511 851 2566 sese,
880 2504 992 2572 quanto
1013 2492 1045 2556 id
1066 2512 1133 2556 cum
1154 2493 1240 2573 peri-

225 2577 291 2643 culo
304 2577 423 2653 lecerit,
438 2586 469 2639 et
484 2578 523 2639 ob
538 2595 605 2638 eam
619 2595 757 2651 oauseun,
773 2597 862 2658 quam
877 2579 927 2641 diu
941 2580 1082 2659 potuerit,
1097 2580 1240 2641 tacuisse.

184 2668 219 2719 18
290 2663 405 2727 Caesar
426 2664 484 2725 hac
505 2663 641 2725 oratione
660 2663 742 2725 Lisci
761 2664 991 2745 Dumnorigem,
1014 2665 1158 2727 Divitiaci
1172 2667 1241 2727 ira-

226 2759 319 2823 trem,
342 2749 494 2831 designari
516 2749 680 2823 sentiebat,
704 2750 757 2811 sed
779 2751 859 2830 quod
879 2751 1015 2831 pluribus
1030 2752 1242 2831 praesentibus

227 2857 280 2899 eas
295 2855 344 2898 res
358 2835 465 2898 iactari
479 2836 616 2908 nolebat,
638 2834 774 2898 celeriter
787 2836 942 2900 concilium
958 2837 1097 2914 dimittit,
1118 2837 1243 2900 Liscum

185 2945 214 2984 so
228 2922 347 2985 retinet
391 2919 519 2992 Quaerit
545 2940 583 2983 ex
608 2920 673 2983 solo
700 2941 752 2996 ea,
785 2942 861 3003 quae
888 2923 919 2984 in
941 2934 1091 2986 conventu
1112 2925 1243 2987 dixerat.

227 3008 310 3072 Dicit
340 3007 464 3071 liberius
497 3016 586 3088 atque
619 3008 771 3070 audacius.
820 3010 936 3072 Eadem
963 3019 1077 3072 secreto
1105 3012 1144 3072 ab
1171 3009 1243 3072 aliis

230 3094 361 3176 quaerit3
398 3093 510 3173 reperit
545 3113 612 3156 esse
644 3114 732 3157 vera:
770 3095 873 3176 Ipsum
910 3115 976 3159 esse
1011 3096 1244 3176 Dumnorigem,

230 3200 349 3244 summa
376 3180 518 3256 audacia,
546 3200 656 3262 magna
678 3183 758 3262 apud
784 3181 902 3261 plebem
929 3191 1052 3262 propter
1073 3182 1245 3244 liberalita-

229 3277 293 3330 tem
319 3267 433 3348 gratia,
466 3267 604 3347 cupidum
630 3287 728 3330 rerum
751 3286 904 3329 novarum.
949 3268 1124 3349 Complures
1147 3287 1247 3331 annos

188 3375 216 3414 ss
230 3353 366 3436 portoria
386 3353 558 3433 reliquaque
580 3353 681 3416 omnia
701 3352 876 3415 Aeduorum
890 3354 1051 3435 vectigalia
1064 3374 1159 3435 parvo
1174 3374 1248 3434 pre-

231 3441 276 3503 tio
303 3440 458 3519 redempta
483 3439 610 3512 habere,
642 3448 805 3520 propterea
831 3440 910 3519 quod
935 3441 988 3503 illo
1010 3441 1118 3502 licente
1141 3449 1249 3503 contra

231 3525 315 3588 liceri
342 3526 453 3588 audeat
479 3545 575 3587 nemo.
618 3525 677 3588 His
704 3526 793 3586 rebus
822 3534 852 3585 et
874 3545 960 3587 suam
982 3547 1046 3588 rem
1068 3527 1250 3589 familiarem

233 3612 354 3674 auxisse
381 3620 411 3673 et
436 3611 594 3673 facultates
622 3612 662 3672 ad
684 3610 868 3690 largiendum
890 3632 1016 3693 magnas
1037 3631 1249 3694 comparasse3

235 3717 375 3778 magnum
401 3717 555 3759 numerum
583 3696 734 3776 equitatus
757 3716 810 3758 suo
833 3708 953 3778 sumptu
975 3719 1093 3780 semper
1115 3700 1196 3761 alere
1218 3710 1253 3762 et

192 3806 221 3845 ro
235 3783 342 3845 obsum
375 3803 408 3845 se
440 3784 568 3859 habere,
602 3802 697 3861 neque
725 3782 821 3845 solum
854 3786 935 3846 domi
968 3788 1022 3847 sed
1050 3787 1141 3848 etiarn
1169 3787 1253 3865 apud

235 3869 379 3932 finitimas
412 3869 550 3931 civitates
578 3867 702 3949 largiter
727 3888 832 3949 posse,
867 3879 958 3951 atque
984 3872 1072 3935 huius
1094 3871 1254 3952 potentiae

238 3974 329 4019 causa
361 3964 487 4018 matrem
513 3955 544 4017 in
570 3954 752 4036 Biturigibus
780 3956 893 4019 homini
920 3957 980 4020 illic
1007 3958 1193 4022 nobilissimo
1216 3977 1256 4020 ao
