2616 4492
213 239 242 294 Π

213 395 265 447 hoc
292 406 439 464 agnoscere
468 389 534 443 mihi
561 389 634 443 visus
657 405 723 442 sum.
768 388 834 442 eum
857 388 962 440 duobus
984 386 1055 441 foliis
1077 388 1239 458 deperditae

213 482 267 534 hae
289 485 380 549 partes
404 477 576 540 sunt20162‚
593 477 629 530 41
656 478 696 530 ad
719 474 957 528 resistendum
976 508 1010 515 -
1029 475 1141 529 nostri
1166 478 1238 541 164,

216 568 263 620 23.
290 564 403 629 168‚7
435 581 563 617 summa
589 598 624 606 —
655 561 850 618 Condendit
875 563 950 624 169,
974 561 1021 614 23.
1076 562 1237 617 Substitutis

212 653 285 707 foliis
314 669 347 706 ea
375 669 410 705 ex
439 650 557 703 editione
579 651 667 720 prima
690 655 739 703 aut
761 648 852 702 codice
874 649 971 701 tertiae
999 650 1092 702 classis
1114 651 1179 704 huic
1201 651 1237 704 si-

212 740 324 794 millimo
352 742 506 791 restaurata
528 744 606 800 sunt,
629 738 744 807 ideoque
765 735 867 788 nullius
893 736 950 789 fere
973 735 1106 789 momenti.
1151 739 1239 791 Deest

211 828 239 880 in
261 829 312 881 hoc
335 841 441 896 quoque
463 825 538 878 locus
561 823 607 878 ille
633 822 701 886 152,
726 822 865 884 24-237;
892 828 1037 892 praeterea
1057 823 1173 877 minores
1197 827 1236 879 la-

211 931 297 967 cunae
319 913 470 981 complures
493 911 688 967 incollatione
710 912 858 965 adnotatas
880 916 949 963 sunt.

275 998 551 1075 Mopsiatcsnsia
580 998 627 1069 qui
650 997 677 1050 in
700 997 866 1050 bibliotheca
888 1013 1016 1051 caesarea
1037 997 1182 1052 Parisiensi
1207 1001 1237 1053 in

210 1086 346 1141 codicibus
385 1084 478 1139 latinis
517 1101 659 1138 numerum
692 1089 767 1137 tenet
796 1083 893 1147 5056,
933 1085 1091 1139 duodecimo
1125 1088 1235 1140 saeculo

210 1174 333 1244 scriptus.
377 1168 442 1225 Fuit
469 1171 533 1225 olim
556 1171 677 1226 coenobii
699 1169 893 1242 Moysiacensis
916 1168 944 1243 (Γ
962 1168 1074 1242 isbbnye
1097 1174 1131 1225 de
1152 1173 1236 1228 Mois·

209 1278 269 1324 sac,
293 1253 400 1313 diocise
423 1260 457 1312 de
479 1258 600 1326 Gahors).
644 1260 724 1314 Hunc
746 1262 911 1312 nonnosum
933 1257 1042 1311 contuli.

273 1349 415 1401 Accedunt
436 1348 472 1400 ad
494 1345 610 1417 primam
631 1347 744 1400 classem

258 1434 460 1488 Vossianus
482 1431 670 1504 (primns),
694 1431 740 1502 qui
763 1431 791 1484 in
813 1431 979 1487 bibliotheca
1000 1433 1158 1487 academiae
1172 1437 1237 1490 Lei-

209 1520 298 1574 densis
327 1526 368 1573 est
390 1537 432 1572 n:o
458 1519 523 1583 53.‚
551 1519 597 1590 qui
620 1519 647 1572 in
669 1518 763 1590 primis
779 1518 863 1586 ¹libris
885 1504 985 1573 millias
1008 1521 1143 1575 secundae
1166 1523 1236 1577 clas·

208 1607 244 1661 sis
268 1606 428 1678 scriptiones
450 1607 550 1670 habet,
573 1607 601 1660 in
624 1606 800 1676 sequentibus
822 1607 983 1674 plerumque
1005 1606 1128 1661 Parisino
1151 1608 1236 1663 simil-

208 1693 288 1748 limus
304 1699 351 1748 est.
385 1694 459 1749 Saec.
475 1694 522 1748 XI.
546 1693 662 1771 spriptus
678 1711 736 1746 esse
751 1691 865 1757 videtur.
893 1693 979 1746 Deest
999 1693 1117 1763 primum
1131 1696 1234 1752 folium.

254 1779 362 1835 Codes
383 1780 544 1844 mutilus,
567 1780 614 1851 qui
631 1778 795 1833 estinbibl.
816 1795 916 1833 caesar.
960 1780 1046 1835 Paris.
1075 1798 1117 1834 mo
1142 1782 1235 1838 6842.

205 1867 237 1920 B.
260 1884 328 1922 saec.
350 1868 385 1922 K
412 1856 505 1937 psiiies
534 1868 600 1922 belli
623 1865 722 1922 Gallici
744 1864 936 1920 diversissimas
959 1883 1013 1920 uno
1035 1872 1129 1922 tenore
1151 1870 1234 1942 scrip-

206 1957 249 2008 tas
271 1953 397 2008 continet.

544 2113 729 2168 SECUNDAE
755 2112 921 2177 GLASffl‘,

269 2225 381 2279 Primis
403 2228 510 2281 ordinis
532 2226 635 2281 codices
658 2231 722 2280 sunt

252 2329 451 2392 Timoneas,
486 2347 566 2399 quem
588 2330 710 2401 possedit
730 2332 848 2386 Jacobus
870 2336 981 2405 August
982 2353 1013 2389 us
1036 2335 1166 2391 Thuanus
1189 2340 1236 2408 (de

205 2417 296 2479 Thou,
320 2415 463 2485 †1617)‚
494 2417 522 2469 in
545 2417 610 2470 bibl.
635 2434 762 2472 caesarea
784 2418 930 2474 Parisiensi
960 2426 1002 2475 est
1023 2440 1065 2475 mo
1089 2422 1235 2489 5764,a

204 2502 372 2573 Nipperdeio
395 2502 536 2558 Parisinus
559 2506 693 2558 secundus
716 2506 876 2560 nominatus.
920 2509 995 2563 Saec.
1017 2510 1078 2564 XII
1102 2519 1232 2568 exaratus

204 2607 262 2642 esse
284 2588 399 2644 videtur.

246 2675 434 2730 Leidensis
456 2675 657 2748 (primns)'
649 2697 677 2732 m
700 2678 867 2736 bibliotheca
888 2684 964 2738 acad.
985 2682 1062 2739 Leid.
1085 2703 1128 2740 mo
1144 2686 1232 2744 381)

203 2748 283 2817 Hunc
305 2763 411 2832 aliquot
432 2764 528 2818 locis
520 2765 635 2835 mspexi.

268 2848 433 2904 Posterion's
455 2851 562 2905 ordinis
583 2857 647 2906 sunt

252 2934 486 3001 Ursinianus,
525 2954 605 3007 quem
644 2939 709 2994 olim
741 2940 864 3011 possedit
896 2942 1043 3016 magnique
1075 2946 1233 3003 aestimavit

201 3022 314 3078 Fulvius
342 3024 468 3088 Ursinus,
497 3031 622 3079 servatur
654 3028 681 3080 in
705 3027 871 3083 bibliotheca
892 3031 1027 3086 Vaticana
1053 3038 1164 3088 notatus
1186 3054 1230 3090 mo

204 3109 295 3164 3324.
340 3111 455 3165 Saeculo
476 3111 537 3166 XII.
561 3119 689 3168 exaratus
712 3133 771 3169 esse
793 3115 909 3180 videtur,

245 3198 474 3252 Hanniensis
495 3187 679 3271 (primnis),
708 3203 754 3272 qui
777 3208 819 3257 est
840 3204 867 3256 in
883 3204 959 3276 regia
971 3205 1137 3262 bibliotheca
1151 3211 1230 3265 Han-

136 3354 139 3359 ·
202 3284 288 3338 niensi
310 3285 475 3340 collectionis
498 3287 661 3342 Thotiianae
683 3308 725 3342 nto
745 3289 820 3353 543,
844 3307 912 3345 saec.
927 3293 1000 3347 XIV.
1024 3300 1152 3350 exaratus
1169 3316 1229 3354 esse

133 3368 137 3373 ’
201 3371 316 3426 videtur.
360 3372 464 3427 Partim
493 3368 552 3444 ips'e
579 3368 695 3439 contuli,
729 3377 830 3449 partim
857 3379 1001 3433 collatione
1023 3382 1133 3437 Whittii
1161 3402 1228 3441 usus

202 3476 275 3520 sum;
298 3474 385 3529 neque
408 3466 500 3515 tamen
522 3469 656 3533 perpetuo
678 3464 751 3517 illius
775 3464 971 3536 discrepantias
993 3467 1116 3525 indicavi.

551 3644 704 3696 TERTIAE
731 3644 872 3697 cnsssls

265 3730 294 3784 hi
316 3733 421 3787 codices
445 3741 508 3788 sunt

249 3830 522 3905 Gottorpiensss
557 3839 603 3909 qui
630 3841 658 3894 in
685 3842 763 3912 regia
793 3842 959 3898 bibliotheca
994 3846 1145 3903 Hauniensi
1170 3858 1226 3921 est,

202 3935 220 3972 a
240 3918 356 3974 Whittio
379 3922 502 3978 collatus
