2616 4492
210 251 270 314 142
537 266 586 312 ns
608 264 726 313 annno
750 265 906 315 1111110

207 406 321 468 nuntiis
343 405 514 466 confirmari
536 425 596 466 non
617 405 745 484 potestis
768 405 849 466 omni
876 405 961 467 aditu
981 416 1159 486 praesepto,
1182 408 1233 470 his

207 492 325 554 utimini
347 491 476 554 testibus
499 492 739 572 adpropinquare
761 511 864 559 eorum
886 494 1065 566 adventum3
1090 493 1172 555 cuius
1188 495 1234 556 rei

206 579 313 641 timore
337 578 473 639 exterriti
495 579 574 639 diem
597 589 770 658 noctemque
792 579 823 640 in
846 598 935 657 opere
950 588 1121 640 versantur.
1150 577 1235 649 Quid

208 685 276 746 ergo
299 665 358 726 mei
380 664 496 726 consilii
519 664 585 725 est?
613 666 725 726 Facere
748 667 827 744 quod
849 665 944 726 nostri
966 665 1097 727 maiores
1114 686 1233 747 nequa-

178 771 297 832 sqnam
329 751 397 831 pari
424 751 501 811 bello
530 750 718 813 Cimbrorum
747 753 976 831 Teutonumque
998 753 1147 825 lecerunt3
1182 753 1234 834 qni

206 839 239 899 in
272 838 383 918 oppida
415 837 561 916 compulsi
589 857 624 898 ac
651 837 742 898 simili
769 838 871 917 inopia
898 838 1015 899 subacti
1038 858 1142 900 eorum
1164 859 1234 901 cor-

206 925 347 1004 poribus,
378 924 428 1003 qui
450 933 552 985 aetate
575 926 614 985 ad
636 924 746 985 bellum
769 925 891 985 inutiles
914 924 1106 999 videbantur,
1135 926 1234 987 vitam

206 1011 412 1072 toleraverunt
442 1030 538 1090 neque
566 1030 599 1071 se
621 1011 760 1071 hostibus
782 1010 979 1072 tradiderunt.
1025 1011 1118 1072 Cuius
1141 1012 1184 1073 rei
1208 1014 1235 1074 si

207 1097 378 1176 exemplum
401 1116 461 1158 non
482 1097 677 1170 haberemus,
701 1106 803 1158 tamen
825 1097 975 1158 libertatis
1002 1117 1096 1158 causa
1114 1097 1235 1160 institui

165 1204 193 1243 ro
209 1193 240 1246 et
261 1182 392 1263 posteris
414 1183 501 1263 prodi
523 1183 753 1263 pulcherrimum
776 1184 946 1244 iudicarem.
990 1184 1072 1245 Nam
1095 1185 1168 1264 quid
1189 1184 1235 1247 illi

208 1269 305 1332 simile
338 1269 417 1330 bello
450 1269 524 1330 luit?
568 1270 762 1350 Depopulata
790 1269 894 1331 Gallia
922 1269 1036 1331 Cimbri
1063 1290 1234 1351 magnaque

206 1357 305 1418 inlata
326 1356 499 1418 calamitate
521 1357 630 1418 finibus
654 1357 772 1435 quidem
788 1356 900 1418 nostris
916 1357 1077 1436 aliquando
1094 1377 1234 1419 excesse-

206 1452 278 1505 runt
300 1452 390 1524 atque
413 1443 489 1504 alias
513 1451 610 1504 terras
632 1443 800 1522 petierunt3
834 1443 916 1517 iura,
944 1443 1042 1523 leges,
1065 1463 1170 1523 agros,
1194 1445 1234 1504 li-

206 1531 357 1593 bertatem
391 1529 477 1591 nobis
510 1529 702 1609 reliquerunt
751 1529 884 1590 Romani
915 1548 987 1590 vero
1021 1530 1094 1608 quid
1125 1539 1235 1611 petunt

165 1638 192 1675 rs
207 1616 291 1677 alind
319 1626 373 1677 aut
401 1615 470 1694 quid
498 1615 619 1688 volunt,
653 1615 712 1677 nisi
738 1615 854 1676 invidia
882 1616 1018 1690 adducti,
1054 1635 1128 1695 quos
1151 1618 1234 1678 fama

208 1702 323 1763 nobiles
356 1711 553 1781 potentesque
586 1702 665 1763 bello
698 1712 916 1782 cognoverunt,
950 1702 1057 1785 horum
1090 1702 1122 1763 in
1151 1703 1233 1784 agris

208 1788 442 1867 civitatibusque
465 1789 619 1850 considere
642 1797 734 1868 atque
756 1788 804 1849 his
828 1798 980 1850 aeternam
995 1788 1150 1869 iniungere
1165 1810 1234 1852 ser-

207 1873 355 1937 vitutem?
381 1875 488 1954 Neque
511 1875 591 1936 enim
613 1875 676 1937 ulla
698 1874 760 1936 alia
781 1874 952 1936 condicione
967 1874 1048 1936 bella
1063 1886 1232 1954 gesserunt.

209 1957 301 2030 Quod
323 1961 350 2022 si
372 1981 423 2032 ea,
448 1981 526 2041 quas
546 1961 577 2021 in
592 1961 762 2041 longinquis
778 1960 951 2022 nationibus
968 1971 1120 2040 geruntur,
1144 1963 1233 2042 igno·

164 2071 194 2109 eo
208 2047 298 2121 ratis,
333 2047 472 2127 respicite
505 2047 664 2108 finitimam
692 2046 839 2119 Galliam,
874 2065 950 2126 qnae
981 2047 1013 2107 in
1045 2048 1233 2126 provinciam

209 2134 348 2205 redacta,
381 2133 446 2194 inre
480 2142 511 2194 et
540 2132 656 2213 legibus
685 2133 876 2195 commutatis
904 2132 1057 2195 securibus
1080 2134 1232 2208 subiecta,

166 2221 201 2273 78
209 2229 355 2299 perpetua
377 2220 521 2298 premitur
543 2219 697 2280 servitute.
742 2218 909 2281 Sententiis
932 2219 1018 2280 dictis
1034 2220 1232 2295 constituunt,

209 2314 243 2367 ut
264 2306 300 2377 ii,
329 2305 379 2386 qui
406 2306 580 2368 valetudine
608 2315 662 2366 aut
684 2313 785 2367 aetate
806 2305 929 2368 inutiles
952 2314 1024 2367 sunt
1044 2307 1140 2382 bello,
1174 2327 1232 2388 op-

208 2391 279 2472 pido
314 2393 462 2453 excedant
494 2402 585 2471 atque
619 2391 720 2453 omnia
746 2391 830 2475 prius
860 2392 1054 2472 experiantur
1081 2413 1171 2473 quam
1193 2394 1234 2456 ad

166 2500 194 2539 as
211 2477 381 2557 Critognati
404 2478 587 2539 sententiam
610 2479 807 2539 descendant:
830 2477 882 2540 illo
905 2487 1009 2540 tamen
1023 2479 1125 2558 potius
1140 2488 1232 2541 uten-

210 2565 281 2626 dum
304 2564 443 2637 consilio,
472 2564 499 2625 si
521 2583 569 2625 res
592 2573 681 2644 cogat
702 2573 793 2644 atque
815 2565 929 2626 auxilia
950 2574 1114 2640 morentur,
1144 2585 1234 2645 qnam

210 2658 263 2712 ant
291 2650 451 2711 deditionis
479 2659 534 2711 aut
559 2650 643 2729 pacis
672 2650 859 2711 subeundam
881 2651 1093 2714 condicionem.
1138 2652 1233 2715 Man-

209 2737 317 2809 dubii,
330 2737 381 2816 qui
403 2757 456 2798 eos
479 2737 588 2818 oppido
610 2746 801 2816 receperant,
829 2757 894 2799 cum
917 2737 1018 2799 liberis
1042 2747 1133 2819 atque
1154 2758 1234 2801 uxo-

209 2823 292 2885 ribus
316 2823 397 2885 exira
419 2833 573 2903 coguntur.
616 2824 659 2885 Hi
681 2842 748 2885 cum
769 2824 810 2884 ad
830 2823 1011 2885 munitiones
1025 2824 1234 2888 Romanorum

165 2932 195 2970 ao
209 2910 421 2984 accessissent,
450 2911 558 2972 flentes
586 2910 722 2971 omnibus
744 2910 882 2989 precibus
906 2911 1052 2982 orabant,
1087 2919 1121 2972 ut
1144 2931 1178 2974 so
1200 2913 1233 2975 in

210 2996 387 3058 servitutem
415 3005 552 3076 receptos
579 2997 645 3058 cibo
666 2997 816 3058 iuvarent.
860 2995 907 3059 At
929 2996 1046 3058 Caesar
1072 2996 1232 3078 dispositis

208 3082 240 3144 in
262 3082 343 3144 vallo
365 3083 539 3145 custodibus
562 3083 653 3162 recipi
675 3083 865 3163 prohibebat.

52 3162 57 3171 '
165 3170 200 3224 79
273 3170 395 3231 Interea
417 3168 569 3231 Commius
592 3170 755 3251 reliquique
778 3171 883 3243 duces,
908 3169 1016 3250 quibus
1039 3169 1234 3232 summaim-

208 3255 285 3334 perii
306 3256 457 3334 permissa
478 3264 559 3328 erat,
583 3276 650 3317 cum
673 3257 810 3332 omnibus
832 3254 926 3335 copiis
948 3256 989 3317 ad
1007 3254 1146 3317 Alesiam
1162 3275 1235 3336 per-

165 3342 334 3403 obveniunt
357 3351 388 3402 et
409 3342 483 3403 colle
506 3343 656 3405 exteriore
679 3351 822 3422 occupato
845 3361 907 3402 non
929 3342 1017 3422 longe
1031 3340 1115 3403 mille
1128 3344 1234 3422 passi·

209 3429 266 3489 bns
290 3429 328 3489 ab
351 3428 464 3489 nostris
487 3429 703 3491 munitionibus
726 3428 894 3490 considunt.
937 3429 1067 3491 Postero
1082 3428 1132 3490 die
1147 3431 1235 3510 equi-

209 3522 277 3577 tatu
311 3533 348 3575 ex
380 3514 488 3576 castris
522 3517 628 3577 educto
651 3535 768 3577 omnem
791 3534 857 3575 eam
878 3513 1049 3593 planitiem,
1084 3535 1175 3595 quam
1202 3516 1236 3578 iu

210 3599 425 3681 longitudinem
454 3601 513 3662 tria
539 3601 622 3663 milia
646 3620 792 3681 passuum
813 3609 918 3679 patere
941 3602 1234 3678 demonstravimus,

210 3686 362 3764 complent
387 3687 600 3768 pedestresque
628 3687 729 3767 copias
756 3685 880 3765 paulum
902 3689 941 3749 ab
965 3707 998 3749 11
1021 3688 1088 3750 1111
1111 3689 1235 3751 abditas

167 3797 196 3835 ro
211 3772 242 3832 in
270 3772 342 3833 locis
371 3774 574 3852 superioribus
597 3773 790 3835 constituunt.
834 3772 911 3834 Erat
934 3794 972 3836 ex
994 3774 1104 3854 oppido
1125 3774 1236 3837 Alesia

211 3859 369 3937 despectus
397 3859 429 3920 in
457 3879 603 3940 campum.
648 3859 834 3920 Concurrunt
860 3859 907 3920 his
932 3860 1051 3922 auxiliis
1073 3860 1165 3935 visis3
1199 3863 1237 3923 iit

212 3943 373 4026 gratulatio
396 3945 476 4007 inter
498 3965 549 4007 eos
571 3956 663 4026 atque
685 3945 818 4009 omnium
840 3945 932 4008 animi
954 3948 994 4009 ad
1013 3946 1163 4010 laetitiam
1178 3967 1237 4010 ex·
