2616 4492
369 290 439 341 nm.-
455 294 531 341 vnn
554 294 632 342 cau.
646 278 784 341 25-30.
1027 269 1090 341 159

64 434 104 494 ad
132 433 260 493 eundem
286 442 407 512 pontem
436 433 590 496 contendit
616 433 840 513 equitatumque
867 438 987 492 tantum
1013 451 1089 511 pro-

65 520 170 580 cedere
194 527 265 578 ante
288 537 394 599 agmen
416 520 546 600 imperat
568 519 732 600 legionum,
761 526 906 598 quantum
928 535 994 577 cum
1016 537 1090 598 pro-⁵

65 604 222 677 cessisset,
252 604 317 665 sine
346 606 559 686 defetigatione
587 624 731 685 equorum
757 605 789 665 in
819 605 924 665 eadem
952 622 984 664 se
1012 603 1091 665 reci-

64 698 151 769 peret
173 700 281 752 castra.
327 691 561 771 Consequuntur
583 692 696 771 equites
720 691 830 764 nostri,
854 701 889 751 ut
911 699 977 751 erat
997 709 1089 770 prae-

65 785 199 857 ceptum,
233 777 439 857 invaduntque
472 778 621 838 Dumnaci
649 796 756 858 agmen
785 786 816 837 at
842 776 989 856 fugientes
1016 796 1120 856 per-u

64 863 244 942 territosque
274 864 329 923 sub
353 864 479 926 sarcinis
502 865 533 924 in
554 863 661 925 itinere
684 863 820 944 adgressi
841 882 953 942 magna
975 865 1091 943 praeda

65 948 169 1010 multis
202 949 366 1011 interiectis
393 951 560 1029 potiuntur.
604 950 655 1011 Ita
680 970 713 1012 re
740 951 815 1011 bene
843 959 931 1031 gesta
957 969 990 1011 se
1013 949 1090 1010 reci-

63 1035 153 1113 piunt
173 1035 205 1095 in
231 1045 340 1097 castra.

129 1121 302 1200 Insequenti
330 1129 417 1182 nocte
443 1122 557 1183 Fabius
585 1123 701 1203 equites
727 1120 898 1202 praemittit
925 1121 968 1182 sic
995 1121 1134 1201 para-28

63 1215 129 1281 tos,
157 1215 191 1268 ut
213 1208 406 1288 confligerent
428 1216 519 1287 atque
543 1229 630 1270 omne
652 1228 760 1289 agmen
781 1216 982 1280 morarentur,
1018 1208 1088 1268 dum
1104 1222 1135 1265 ro

65 1303 298 1373 consequeretur
318 1295 393 1374 ipse.
431 1293 523 1357 Cuius
545 1296 713 1375 praeceptis
735 1304 770 1356 ut
792 1313 841 1355 res
864 1303 1025 1373 gereretur,
1050 1290 1089 1362 Q.

64 1378 158 1441 Atius
180 1380 298 1453 Varus,
328 1382 501 1460 praefectus
524 1381 672 1460 equitum,
703 1380 863 1461 singularis
891 1389 921 1440 et
943 1379 1036 1440 animi
1059 1387 1090 1440 et

64 1464 245 1544 prudentiae
266 1467 323 1539 vir,
347 1486 419 1528 suos
441 1467 581 1528 hortatur
603 1476 768 1548 agmenque
790 1466 922 1527 hostiurn
944 1484 1089 1526 consecu-

65 1561 116 1612 tus
138 1560 255 1613 turmas
278 1552 389 1630 partim
410 1553 527 1614 idoneis
550 1552 621 1614 locis
646 1553 793 1633 disponit,
823 1551 933 1631 partim
957 1551 1090 1631 equitum

65 1637 213 1717 proelium
228 1638 403 1699 committit.-
449 1637 591 1718 Confligit
618 1639 761 1699 audacius
784 1637 936 1716 equitatus
957 1637 1089 1698 hostium
1105 1658 1134 1697 rs

66 1723 295 1785 succedentibus
318 1724 376 1785 sibi
396 1723 564 1802 peditibus,
585 1724 638 1804 qui
660 1724 725 1785 t'oto
747 1723 866 1804 agmine
889 1723 1089 1784 subsistentes

66 1809 219 1888 equitibus
246 1809 310 1871 suis
332 1820 438 1871 contra
460 1820 581 1871 nostros
603 1811 703 1871 ferunt
724 1809 877 1870 auxilium.
922 1808 974 1870 Fit
995 1828 1089 1888 proe-

66 1896 140 1956 lium
173 1895 235 1956 acri
268 1896 438 1957 certamine.
493 1896 634 1976 Namque
661 1896 761 1967 nostri
786 1895 965 1975 contemptis
993 1895 1091 1974 pridie

67 1981 220 2061 superatis
242 1981 396 2055 hostibus,
420 2002 486 2045 cum
509 1983 651 2063 subsequi
665 1982 797 2063 legiones
812 1981 1035 2055 meminissent,
1059 1990 1091 2042 et

66 2069 182 2148 pudore
205 2069 329 2129 cedendi
353 2078 384 2128 at
405 2069 569 2149 cupiditate
590 2089 645 2149 per
668 2090 701 2130 se
717 2068 890 2130 conficiendi
904 2067 1009 2146 proelii
1023 2069 1090 2129 lor·
1104 2088 1138 2128 rc

70 2153 187 2214 tissime
209 2161 314 2216 contra
334 2155 452 2234 pedites
474 2156 670 2236 proeliantur,
693 2156 855 2234 hostesque
870 2152 945 2214 nihil
960 2153 1090 2234 amplius

69 2239 221 2319 copiarum
255 2260 444 2303 accessurum
477 2244 649 2315 credentes,
682 2250 717 2304 ut
748 2238 844 2322 pridie
871 2250 1089 2319 cognoverant,
1183 2322 1184 2325 Ἴ

68 2326 187 2388 delendi
229 2327 381 2408 equitatus
423 2329 520 2390 nostri
555 2329 638 2390 nacti
675 2328 862 2390 occasionem
900 2327 1089 2388 videbantur.

68 2412 143 2474 Cum
166 2413 351 2493 aliquamdiu
373 2416 703 2477 summacontentione
726 2414 925 2486 dimicaretur,
948 2414 1136 2474 Dumna-29*

67 2509 119 2560 cus
152 2499 275 2561 instruit
307 2501 417 2576 aciem,
451 2520 528 2581 quae
561 2502 624 2563 suis
652 2511 732 2563 esset
759 2500 908 2581 equitibus
935 2499 968 2560 in
994 2500 1089 2561 vicem
1103 2520 1135 2558 as

67 2585 232 2664 praesidio,
266 2597 333 2648 cum
359 2596 484 2666 repente
511 2590 663 2650 confertae
680 2584 822 2669 >legiones
844 2587 876 2647 in
898 2595 1091 2667 conspectum

67 2671 200 2733 hostium
222 2673 356 2732 veniunt.
402 2670 520 2742 Quibus
541 2675 616 2736 visis
636 2674 793 2755 perculsae
808 2673 1005 2734 barbarorum
1020 2681 1091 2733 tur-

67 2770 135 2818 mae
163 2776 198 2817 ac
224 2758 404 2837 perterritae
430 2759 510 2819 acies
537 2761 669 2822 hostium
692 2760 868 2840 perturbato
890 2759 1090 2839 impedimen-

66 2853 166 2903 torum
201 2842 318 2921 agmine
345 2861 454 2923 magno
481 2845 610 2908 clamore
637 2847 830 2926 discursuque
857 2846 973 2925 passim
1000 2847 1090 2924 fugae

68 2949 101 2990 se
124 2929 280 2989 mandant.
324 2927 370 2989 At
392 2930 488 2991 nostri
510 2932 640 3010 equites,
668 2933 718 3012 qui
740 2932 833 3011 paulo
856 2940 927 2991 ante
949 2949 1016 2991 cum
1039 2951 1090 2992 re·
1105 2952 1138 2990 ou

69 3014 248 3076 sistentibus
270 3013 433 3075 fortissime
462 3017 671 3092 conflixerant,
705 3017 824 3078 laetitia
850 3015 994 3077 victoriae
1017 3016 1091 3079 elati

69 3119 179 3180 magno
219 3100 349 3180 undique
382 3100 512 3161 clamore
544 3103 663 3164 sublato
697 3103 870 3164 cedentibus
905 3102 1090 3173 circumfusi,

69 3196 215 3268 quantum
243 3206 385 3267 equorum
416 3186 497 3247 vires
524 3188 564 3248 ad
585 3190 824 3268 persequendum
848 3189 1030 3268 dextraeque
1052 3189 1091 3248 ad

69 3275 253 3335 caedendum
275 3272 395 3348 valent,
418 3281 539 3335 tantum
561 3293 596 3335 eo
619 3275 731 3354 proelio
753 3274 945 3335 interficiunt.
982 3274 1091 3353 Itaque

69 3360 198 3440 amplius
229 3359 351 3421 milibus
383 3375 438 3420 xn
466 3368 520 3421 ant
547 3369 732 3422 armatorum
754 3370 808 3421 aut
830 3378 947 3433 eorum,
982 3360 1033 3440 qui
1055 3377 1090 3420 eo
1105 3365 1137 3420 ιε’

68 3456 204 3526 tempore
226 3464 312 3508 arma
332 3446 533 3525 proiecerant,
555 3447 721 3509 interiectis
744 3445 840 3507 omnis
862 3446 1022 3507 multitudo
1038 3464 1090 3506 ca·

68 3532 151 3612 pitur
171 3532 459 3613 impedimentorum.

135 3616 205 3688 Qua
231 3639 269 3680 ex
289 3621 359 3700 fuga
382 3638 448 3680 cum
471 3627 624 3680 constaret
644 3619 828 3698 Drappetem
852 3618 1018 3689 Senonem,
1046 3613 1136 3674 -w'

70 3705 136 3783 qui,
159 3714 194 3766 ut
215 3705 344 3785 primum
367 3707 515 3768 deiecerat
538 3704 654 3780 Gallia,
681 3704 810 3767 collectis
833 3705 964 3783 undique
985 3703 1089 3782 perdi-

70 3790 111 3851 tis
143 3791 330 3866 homiuibus,
365 3792 462 3853 servis
496 3794 537 3853 ad
568 3791 738 3853 libertatem
771 3793 902 3865 vocatis,
937 3789 1088 3852 exsulibus
1104 3805 1137 3852 sc

70 3877 201 3938 omnium
223 3879 379 3939 civitatum
401 3879 531 3958 receptis
553 3878 718 3940 latrociniis
733 3878 948 3958 impedimenta
963 3884 993 3936 et
1007 3895 1089 3937 com-

69 3972 189 4025 meatus
211 3963 416 4028 Romanorum
431 3965 631 4045 interceperat
653 4001 695 4011 -—
717 3983 777 4027 non
793 3965 922 4046 amplius
937 3963 1093 4025 hominum
