2616 4492
216 289 278 352 100
539 301 588 348 nu
609 299 727 350 annuo
751 301 906 350 onuurco

214 451 331 527 cogunt.
381 440 455 503 Eius
488 441 531 502 rei
563 442 675 502 multas
708 443 848 503 adiemnt
880 460 1004 504 causas:
1039 460 1078 503 ne
1106 441 1236 504 adsidua

214 527 427 594 consuetudine
450 528 532 607 capti
554 529 685 589 studium
708 528 779 589 belli
802 528 923 608 gerendi
945 528 1128 609 agricultura
1149 548 1234 590 mm-

213 624 346 689 mutent;
384 633 422 676 ue
454 613 534 675 latos
566 615 642 676 fines
675 634 783 695 parare
817 617 960 676 studeant
990 615 1236 695 potentioresque

212 703 386 766 humiliores
407 700 650 780 possessionibus
674 701 843 780 expellant3
865 721 903 762 ne
925 701 1093 763 accuratius
1117 703 1157 763 ad
1178 702 1235 762 iri-

184 810 286 873 sgora
308 797 400 868 atque
421 798 524 848 aestus
546 788 688 849 vitandos
711 788 883 862 aedificent3
906 805 944 849 ue
967 806 1027 867 qua
1049 788 1163 849 oriatur
1178 807 1235 868 pe-

213 877 318 940 cuniae
340 873 504 954 cupiditas,
525 894 589 954 qua
610 893 649 935 ex
668 894 701 935 re
721 874 867 935 factiones
888 874 1151 954 dissensionesque
1173 894 1233 935 na-

213 971 354 1035 scuntur3
376 969 411 1021 ut
432 959 524 1021 animi
546 961 698 1040 aequitate
720 960 836 1040 plebem
859 961 1049 1033 contineant,
1073 980 1138 1022 cum
1161 980 1234 1022 suas

214 1049 340 1131 quisque
363 1065 434 1127 opes
457 1065 523 1107 cum
545 1046 762 1126 potentissimis
786 1047 909 1126 aequari
931 1047 1043 1117 uideat.

171 1139 206 1190 23
279 1132 461 1197 Civitatibus
483 1133 616 1195 maxima
638 1133 704 1193 laus
727 1142 774 1194 est
796 1152 885 1213 quam
908 1133 1055 1195 latissime
1078 1130 1186 1194 circum
1201 1151 1235 1193 se

169 1244 199 1283 ro
213 1220 343 1283 vastatis
376 1219 487 1280 finibus
519 1219 697 1280 solitudines
724 1220 845 1281 habere.
893 1219 961 1280 Hoc
986 1219 1140 1299 proprium
1167 1219 1233 1281 vir-

213 1307 288 1370 tutis
322 1305 511 1379 existimant,
546 1305 688 1384 expulsos
722 1305 802 1386 agris
834 1306 977 1366 finitimos
1005 1307 1109 1367 cedere
1136 1323 1234 1385 neque

213 1411 391 1476 quemquam
413 1410 506 1471 prope
528 1393 638 1452 audere
660 1393 838 1465 consistere3
862 1391 951 1453 simul
974 1392 1031 1452 hoo
1054 1411 1086 1453 se
1101 1392 1165 1452 iore
1179 1400 1234 1453 tu-

212 1481 306 1543 tiores
339 1478 524 1540 arbitrantur
556 1477 745 1557 repentinae·
762 1478 940 1539 incursionis
967 1478 1075 1539 timore
1102 1478 1233 1540 sublato.

213 1567 290 1629 Gum
311 1565 422 1627 bellum
446 1563 552 1625 civitas
576 1572 631 1624 aut
650 1563 778 1626 inlatum
801 1564 934 1625 defendit
955 1573 1009 1627 aut
1030 1564 1136 1639 infert,
1165 1583 1235 1624 ma·

169 1677 197 1715 ra
213 1653 375 1734 gistratns,
409 1650 460 1730 qui
488 1651 516 1711 ei
540 1651 620 1712 hello
648 1651 799 1730 praesint,
832 1659 867 1713 ut
897 1651 980 1712 vitae
1007 1651 1146 1730 necisque
1174 1650 1235 1711 ha-

213 1741 304 1801 beant
328 1745 527 1819 potestatem,
562 1737 740 1817 deliguntur.
789 1737 825 1798 In
852 1756 926 1817 pace
954 1736 1054 1799 nullus
1077 1745 1125 1798 est
1146 1755 1232 1798 com-

212 1825 311 1887 munis
334 1825 547 1905 magistratus,
571 1826 624 1885 sed
647 1824 796 1903 principes
811 1823 965 1904 regionum
980 1832 1070 1904 atque
1085 1842 1233 1903 pagorum

212 1911 292 1973 inter
314 1930 384 1972 suos
406 1911 454 1971 ius
483 1910 584 1972 dicunt
611 1909 891 1989 controversiasque
917 1909 1063 1971 minuunt.
1117 1909 1233 1971 Latro-

213 1997 290 2059 cinia
317 1997 431 2058 nullam
453 1997 566 2057 habent
586 1997 757 2071 infamiam,
787 2015 862 2077 quae
885 2004 972 2057 extra
992 1997 1068 2058 fines
1091 1995 1235 2075 cuiusque

169 2108 198 2146 ao
213 2082 345 2145 civitatis
367 2083 458 2155 fiunt,
482 2090 572 2162 atque
595 2102 631 2143 ea
652 2082 818 2144 iuventutis
842 2083 1025 2144 exercendae
1048 2101 1083 2143 ae
1098 2082 1235 2144 desidiae

213 2169 391 2231 minuendae
423 2186 515 2228 causa
546 2168 611 2229 fieri
642 2168 827 2248 praedicant.
880 2167 983 2248 Atque
1015 2168 1067 2230 ubi
1095 2168 1160 2249 quis
1195 2187 1234 2229 ex

211 2255 396 2336 principibus
418 2253 450 2314 in
472 2253 596 2314 concilio
619 2254 695 2315 dixit
718 2275 750 2316 se
773 2256 879 2315 ducem
900 2257 972 2327 iore,
996 2255 1046 2335 qui
1068 2255 1154 2335 sequi
1175 2274 1234 2316 ve-

214 2341 285 2415 lint,
308 2341 517 2420 profiteantur,
541 2349 723 2421 consurgunt
743 2341 780 2414 ii,
809 2340 859 2420 qui
882 2349 913 2402 et
934 2360 1057 2402 causam
1079 2348 1110 2402 et
1131 2340 1233 2402 homi-

213 2446 281 2489 nem
303 2427 448 2505 probant,
472 2445 618 2506 suumque
640 2427 783 2488 auxilium
798 2427 975 2506 pollicentur
990 2437 1081 2507 atque
1096 2427 1135 2489 ab
1151 2427 1233 2489 mul-

168 2512 341 2576 artitudine
373 2512 606 2573 conlaudantur:
640 2513 691 2592 qui
719 2533 757 2575 ex
788 2513 837 2574 his
866 2513 962 2574 secuti
989 2532 1050 2575 non
1079 2522 1165 2589 sunt,
1198 2513 1232 2575 in

212 2601 398 2662 desertorum
427 2617 463 2659 ac
489 2598 675 2678 proditorum
702 2618 824 2661 numero
848 2601 1004 2673 ducuntur,
1039 2599 1233 2680 omniumque

211 2686 260 2747 his
293 2704 392 2746 rerum
419 2693 526 2765 postea
553 2685 627 2746 fides
651 2687 820 2767 derogatur.
864 2686 1024 2765 Hospitem
1046 2686 1160 2748 violare
1183 2688 1231 2748 ias

212 2791 273 2833 non
300 2780 423 2850 putant:
459 2771 509 2852 qni
537 2790 657 2852 quaqua
684 2775 720 2834 de
742 2792 836 2835 causa
858 2775 898 2834 ad
920 2792 971 2833 eos
993 2781 1155 2848 venerunt,
1191 2774 1231 2835 ab

211 2856 321 2920 iniuria
340 2858 514 2938 prohibent,
542 2868 663 2918 sanctos
684 2860 813 2932 hahent,
841 2859 947 2939 hisque
969 2859 1100 2921 omnium
1123 2861 1230 2923 domus

168 2970 197 3022 ao
211 2952 317 3025 patent
338 2944 493 3024 victusque
514 2945 757 3007 communicatur.

169 3037 203 3086 24
275 3030 324 3091 Ac
354 3031 411 3091 fuit
438 3040 529 3091 antea
556 3040 690 3110 tempus,
722 3051 790 3093 cum
818 3031 986 3094 Germanos
1013 3029 1097 3092 Galli
1118 3030 1230 3095 virtute

212 3125 404 3197 superarent,
427 3117 506 3177 ultro
529 3117 610 3178 bella
631 3118 788 3193 inferrent,
811 3127 935 3198 propter
956 3117 1109 3179 hominum
1123 3118 1230 3180 multi-

211 3204 346 3265 tudinem
379 3202 500 3283 agrique
532 3203 664 3283 iuopiam
699 3215 783 3266 nans
816 3206 955 3266 Rhenum
989 3203 1122 3265 colonias
1155 3205 1230 3266 mit-

212 3297 318 3351 terent
365 3289 472 3368 Itaque
500 3309 536 3350 θα
558 3310 634 3370 quae
655 3291 842 3353 fertilissima
863 3290 1047 3352 Germaniae
1070 3299 1141 3352 sunt
1162 3291 1231 3352 loca

168 3401 196 3438 es
211 3375 320 3436 circum
348 3375 529 3458 Hercyniam
558 3377 665 3439 silvam
696 3377 802 3460 (quam
830 3377 1027 3438 Eratostheni
1050 3385 1080 3438 et
1102 3377 1229 3456 quibus-

212 3463 283 3522 dam
305 3461 429 3523 Graecis
451 3464 534 3523 lama
556 3473 659 3525 uotam
682 3484 747 3525 esse
770 3463 874 3538 video,
898 3483 989 3543 quam
1005 3463 1049 3525 illi
1065 3461 1229 3545 Orcyniam

212 3547 382 3629 appellant)
406 3548 520 3609 Volcae
544 3550 725 3631 Tectosages
749 3560 968 3629 occupaverunt
990 3558 1081 3630 atque
1096 3549 1139 3610 ihi
1153 3568 1230 3611 con-

212 3634 369 3707 sederunt3
393 3652 469 3713 quae
491 3654 564 3714 gens
587 3638 626 3697 ad
648 3636 705 3697 hoc
726 3646 845 3715 tempus
866 3636 913 3697 his
937 3637 1056 3698 sedibus
1072 3655 1139 3698 sese
1154 3655 1230 3698 cou-

212 3718 288 3779 tinet
309 3740 512 3801 surrrmamque
534 3723 626 3783 hahet
648 3721 781 3783 iustitiae
804 3731 834 3782 et
853 3722 980 3783 bellicae
994 3722 1092 3784 laudis
1108 3722 1229 3802 opinio-

170 3823 198 3861 ιθ
212 3823 289 3866 nem.
332 3805 421 3867 Nunc
443 3809 520 3887 quod
546 3808 578 3869 in
606 3809 711 3870 eadem
737 3808 853 3888 inopia,
888 3817 1036 3890 egestate,
1064 3809 1229 3888 patientia,

212 3908 273 3969 qua
294 3890 453 3967 Germani,
481 3904 672 3973 permanent,
707 3896 811 3957 eodem
838 3895 919 3957 victu
941 3904 972 3956 et
993 3895 1073 3958 cultu
1095 3896 1229 3975 corporis

211 3984 344 4039 utuntur.
378 3976 475 4040 Gallis
497 3988 597 4061 autem
620 3981 841 4062 provinciarum
854 3983 1062 4064 propinquitas
1078 3991 1109 4044 et
1122 3991 1229 4046 traus-
