2616 4492
480 293 527 347 nu
549 294 800 345 ourss1aursus.
1133 276 1154 340 ‘1

199 435 227 498 5.
264 433 470 500 Praecedente
487 457 508 498 a
524 437 669 498 amissam
684 453 750 495 esse
766 453 787 495 a
802 430 1057 512 praepositionem
1075 431 1151 507 136,

133 522 176 584 42
209 532 333 585 monent
364 521 430 584 odd.
464 525 613 585 secundae
645 522 763 584 elassis.
808 518 918 581 Melius
948 517 1026 580 enim
1057 527 1104 580 est
1132 539 1153 581 a

129 609 241 691 prima
264 610 398 693 aprutino.

200 697 230 760 6.
267 709 378 777 apost
399 695 447 757 vel
473 706 544 758 ante
566 717 583 759 a
605 694 710 757 omissi
731 695 807 754 haee
830 700 901 755 suut
923 691 1076 772 exempla:
1101 692 1152 766 55,

133 780 176 844 50
198 790 328 846 seuatue
349 782 394 845 itt
416 783 460 856 R,
485 782 536 857 39,
560 784 602 845 42
625 802 680 862 epe
702 779 818 843 salutis
840 780 885 852 A,
913 779 982 853 139,
1007 780 1047 841 42
1077 798 1153 860 quoe

134 867 265 932 rimulas
286 871 326 933 A.
370 869 467 930 Multo
497 871 641 931 usitatius
670 876 719 929 est
740 876 905 947 praeeunte
927 886 961 938 0,
986 867 1015 927 id
1039 875 1087 926 est
1110 886 1152 940 00,

131 956 283 1018 remitti.
329 957 448 1018 Tenent
480 958 598 1035 quidem
631 955 690 1016 PR
719 954 769 1028 78,
794 954 834 1015 28
867 953 1001 1026 0001010,
1033 954 1083 1026 12,
1112 953 1154 1014 34

133 1048 314 1124 respectare
348 1041 443 1123 (quod
476 1043 505 1104 in
539 1041 570 1104 A
606 1043 716 1113 sexies,
748 1042 777 1102 iu
802 1041 869 1112 TU,
894 1040 992 1120 quoad
1021 1040 1152 1114 memini,

133 1148 297 1209 numquam
320 1128 531 1211 deprehendi),
555 1132 585 1204 2,
608 1130 650 1190 42
675 1126 750 1208 (nisi
774 1127 804 1188 id
827 1126 922 1188 oeulis
945 1126 1151 1207 praetermisi)

133 1216 262 1297 easeque'
297 1213 373 1295 (TU
396 1224 496 1277 autem
519 1216 658 1298 eaequr');
695 1213 804 1276 ceteris
838 1233 909 1274 vero
943 1213 1018 1275 loois
1046 1213 1156 1275 eaistit

133 1301 183 1362 vel
206 1302 312 1364 extitit
333 1300 554 1383 (quinquiens),
579 1308 742 1385 asportare
758 1301 822 1375 (his
838 1309 869 1361 et
883 1299 1016 1381 tricies),
1041 1305 1152 1362 autru-

133 1405 185 1450 ere
207 1389 340 1467 (sexies3
372 1388 427 1450 sed
453 1389 486 1451 in
508 1389 539 1452 A
561 1389 613 1462 38,
636 1389 688 1460 35,
712 1388 743 1449 11
768 1389 794 1448 Τ
817 1385 871 1461 98,
895 1387 936 1448 24
959 1395 1007 1448 est
1029 1385 1153 1468 easta).

132 1473 185 1535 Ita
206 1474 237 1536 in
260 1475 308 1539 his
331 1493 446 1555 quoque
469 1475 588 1550 verbio,
619 1495 696 1554 quae
724 1473 850 1553 singulis
873 1473 949 1534 locis
971 1472 1048 1554 legi:
1080 1471 1152 1548 129,

133 1559 176 1622 38
198 1561 325 1634 000160,
351 1562 421 1634 14],
445 1561 486 1624 36
516 1559 679 1644 expoliare
702 1562 744 1634 (T
767 1578 839 1621 vero
862 1557 1070 1641 exspoliare),
1101 1557 1152 1634 74,

133 1645 176 1709 26
199 1654 352 1723 00100001,
377 1646 428 1721 79,
451 1647 472 1710 8
494 1649 643 1722 eetiuota,
666 1645 719 1720 89,
736 1648 776 1707 23
800 1643 914 1708 000100.
958 1644 1153 1716 Quinetiam

133 1733 245 1814 legitur
271 1734 302 1796 in
329 1734 360 1797 A
387 1733 439 1809 98,
462 1734 504 1796 40
527 1734 619 1797 euua'e
645 1753 700 1814 pro
730 1753 769 1795 00
794 1731 873 1806 auia,
900 1729 971 1806 107,
996 1732 1038 1794 40
1061 1737 1152 1794 eata-

132 1819 219 1883 te‘one
240 1840 295 1901 pro
317 1840 357 1883 aa
376 1821 522 1895 statione,
545 1822 576 1883 in
598 1820 640 1882 V.
654 1820 726 1894 155,
750 1817 792 1880 26
814 1816 932 1880 euilue’e
953 1837 1007 1898 pro
1031 1838 1070 1880 ar
1090 1815 1151 1879 eil-

131 1906 195 1980 010,
218 1907 250 1969 in
273 1907 300 1969 Τ
325 1907 396 1982 144,
421 1908 456 1969 11
485 1907 735 1990 eaupera'oribus.
778 1905 873 1966 Patet
887 1904 945 1965 hae
961 1906 991 1967 iu
1007 1925 1038 1967 re
1055 1904 1151 1967 libros

133 1994 266 2073 scriptos
289 1994 410 2056 minime
432 1994 538 2075 dignos
561 2015 638 2069 esse,
662 2013 737 2073 quos
759 1992 919 2054 imitemur.

199 2080 228 2142 7.
265 2081 344 2142 Post
370 2087 383 2141 t
410 2082 557 2143 tomisso
587 2082 652 2144 cdd.
683 2098 802 2160 semper
828 2077 945 2139 habent
972 2085 1152 2161 poeterpum

130 2184 187 2248 pro
205 2174 283 2248 poet
304 2174 434 2249 terqum.

197 2251 227 2315 8.
264 2254 440 2316 Palatinam
464 2274 480 2316 a
502 2253 689 2334 subsequens
718 2274 736 2335 q
764 2253 902 2334 palatina
930 2270 1151 2332 nonnumquam
1186 2260 1187 2263 ’

133 2340 294 2402 omittitur.
326 2338 396 2416 155,
418 2341 462 2404 ’40
491 2341 681 2423 nequiquam
708 2340 871 2415 PRATU,
900 2339 952 2414 37,
976 2338 1017 2402 36
1039 2338 1151 2420 aequi·

132 2445 228 2508 quam
249 2425 320 2501 Ar,
344 2431 550 2510 nequicquam
568 2427 669 2490 PRU.

197 2511 227 2576 9.
265 2515 399 2577 Duorum
421 2537 453 2579 ue
475 2515 523 2575 vel
546 2535 569 2575 a
592 2515 720 2576 alterum
743 2533 812 2578 raro
841 2515 985 2576 omissum
1007 2521 1070 2574 eat:
1097 2511 1150 2586 80,

133 2599 174 2660 22
197 2598 362 2664 incomoda
388 2602 456 2675 PR,
479 2598 533 2674 39,
556 2601 597 2662 23
619 2621 746 2662 summa
767 2601 856 2663 muri
876 2601 913 2674 P,
943 2601 980 2662 e'u
1007 2599 1152 2662 autuatie

132 2703 189 2764 pro
209 2685 246 2748 e‘a
260 2695 350 2750 aaut.
372 2688 415 2750 40
432 2709 461 2751 v.
476 2687 529 2760 30,
552 2687 604 2761 40;
627 2688 679 2761 42,
703 2690 753 2749 41.
779 2688 851 2762 136,
874 2688 915 2748 32
944 2686 1088 2767 quiueruo
1113 2685 1150 2748 Τ.

199 2771 249 2834 10.
286 2774 447 2855 Reliquum
470 2782 527 2855 est,
551 2782 585 2834 ut
608 2781 788 2835 memoretur
809 2774 947 2853 neglecta
968 2773 1150 2853 geminatio-

133 2876 171 2919 ne
194 2862 425 2924 oonsonentium
449 2861 566 2941 aliquot
587 2858 663 2921 lacis
686 2861 831 2939 seriptum
856 2879 923 2921 esse
945 2857 1087 2940 apellare
1101 2857 1151 2920 vel

132 2943 292 3027 appelare,
319 2945 626 3025 metuendumne&
659 2945 699 3008 17
721 2946 777 3027 R),
806 2945 983 3019 relicitur-e,
1015 2944 1149 3020 aoe’dere,

133 3039 298 3114 ooupatoe,
312 3032 466 3117 seseliaee,
490 3034 685 3106 aoourehaut,
710 3032 880 3114 adferatur,
902 3032 1065 3113 reseretur,
1087 3030 1152 3093 mi·

133 3119 228 3182 uuae.
252 3127 441 3203 oportunus,
466 3119 667 3202 oportunitas
688 3118 784 3180 habet
806 3120 836 3182 R
857 3119 986 3199 septies,
1009 3118 1035 3179 P
1060 3117 1150 3196 quin·

131 3204 226 3284 quies,
250 3205 309 3270 'PU
330 3208 393 3270 iere
415 3207 533 3288 ubique.

195 3358 236 3423 11.
279 3360 445 3426 Varianam
478 3358 725 3442 diversarumque
763 3360 933 3423 litterarum
970 3358 1150 3421 omissiones

131 3444 190 3509 hae
212 3447 495 3537 praeeipnae'sunt.

199 3550 227 3613 1.
263 3572 285 3615 0
301 3551 332 3614 11
344 3551 530 3633 diphthongo
548 3571 585 3615 00
603 3551 708 3614 amissi
725 3551 750 3613 P
766 3551 842 3612 haee
852 3548 980 3630 praehet
995 3543 1148 3624 exempla:

136 3635 186 3712 10,
209 3639 257 3718 22
271 3645 474 3721 propretore,
501 3637 551 3710 19,
574 3637 615 3701 39
639 3638 843 3718 prescribere,
866 3634 918 3707 35,
942 3632 983 3697 36
1004 3631 1147 3714 predare-

134 3722 178 3798 dt,
202 3725 253 3799 33,
278 3724 319 3787 39
340 3726 512 3808 preberent,
543 3725 594 3799 40,
619 3725 660 3785 20
677 3725 828 3807 propinq.
853 3722 928 3796 (1.0.
952 3715 1146 3800 propinque),

134 3808 186 3884 56,
209 3811 251 3874 40
272 3818 423 3891 questore,
447 3811 498 3888 59,
514 3811 553 3873 41
577 3819 712 3884 maturo,
736 3811 787 3884 63,
809 3810 850 3871 40
872 3807 1015 3889 deliqate,
1039 3805 1090 3879 66,
1107 3802 1149 3866 39

134 3903 166 3957 ot
187 3895 239 3974 76,
265 3898 305 3960 14
330 3897 457 3979 relique,
482 3895 595 3973 163,1
618 3899 712 3976 frete,
745 3896 796 3970 72,
819 3895 839 3959 6
864 3897 1072 3979 prqfeoeraut,
1097 3889 1148 3966 72,

134 3983 177 4045 20
198 3983 261 4061 hee,
286 3983 337 4059 75,
359 3985 399 4049 41
423 3985 543 4060 utatis,
568 3983 639 4059 105,
663 3985 704 4048 32
726 3992 758 4048 et
779 3982 901 4064 saepias
921 4000 1010 4066 pene,
1035 3977 1108 4054 118,
1128 3974 1150 4040 0
