2616 4492
223 287 285 352 164
545 299 595 348 nn
616 299 734 349 nunno
758 299 913 348 caturco

221 439 313 504 lentis
334 439 465 515 aditum,
491 459 546 502 nec
566 439 632 503 sine
653 438 787 520 periculo
807 447 933 519 possent
954 437 1061 519 aquari
1083 438 1242 519 oppidani,

223 546 284 589 non
305 535 423 588 tantum
444 544 554 605 pecora
575 535 666 606 atque
687 526 837 599 iumenta,
861 526 915 587 sed
936 525 1028 587 etiam
1050 544 1162 606 magna
1183 525 1243 587 ho-

181 613 314 677 4‘2stium
341 613 500 674 multitudo
528 612 579 674 siti
605 613 846 674 consumebatur.
897 609 965 681 Quo
987 611 1068 673 malo
1091 611 1245 693 perterriti

224 697 366 781 oppidani
393 718 485 779 cupas
507 718 596 772 sevo,
622 698 703 778 pice,
737 697 889 760 scandulis
916 697 1082 777 complent,
1116 717 1169 759 eas
1191 717 1245 760 ar-

195 788 331 850 sdeutes
356 784 389 846 in
416 804 509 865 opera
530 784 728 864 provolvunt,
757 785 921 864 eodemque
942 791 1078 864 tempore
1100 784 1245 846 acerrime

223 871 420 954 proeliantur,
442 879 478 933 ut
498 871 538 932 ab
559 870 705 932 incendio.
717 869 930 950 restinguendo
945 870 1145 932 dimicationis
1159 869 1246 950 peri-

225 958 290 1020 culo
314 958 484 1018 deterreant
504 957 670 1018 Romanos.
712 956 828 1036 Magna
848 964 971 1036 repente
992 955 1024 1018 in
1044 956 1120 1037 ipsis
1143 955 1247 1037 operi·

224 1045 282 1107 bus
303 1043 426 1106 flamme
447 1043 573 1105 exstitit.
617 1039 830 1123 Quaecumque
856 1042 935 1104 enim
957 1061 1012 1123 per
1033 1042 1131 1105 locum
1153 1062 1247 1123 prae-

225 1129 346 1210 cipitem
372 1130 467 1191 missa
488 1136 590 1201 eraut,
617 1148 655 1189 ea
674 1128 771 1190 vineis
794 1137 824 1189 et
846 1147 953 1209 aggere
975 1147 1141 1208 suppressa
1161 1148 1247 1190 com-

183 1239 212 1277 ιο
225 1215 452 1297 prehendebaut
477 1214 510 1277 id
529 1215 644 1297 ipsum,
672 1215 752 1295 quod
773 1216 958 1276 morabatur.
1001 1215 1117 1276 Milites
1140 1224 1249 1277 contra

226 1302 322 1366 nostri
348 1320 530 1383 quamquam
556 1300 723 1381 periculoso
745 1319 851 1381 genere
871 1300 979 1382 proelii
999 1301 1123 1382 locoque
1143 1301 1248 1381 iniquo

225 1389 448 1469 premebantur,
476 1395 578 1450 tamen
605 1387 707 1449 omnia
732 1386 897 1449 fortissimo
924 1387 1115 1449 sustinebant
1136 1388 1247 1449 animo.

226 1475 290 1539 Res
312 1474 391 1536 enim
412 1475 571 1555 gerebatur
592 1481 623 1534 et
644 1473 761 1535 excelso
783 1472 847 1535 loco
870 1482 902 1535 et
921 1472 954 1536 in
975 1483 1136 1554 conspectu
1158 1492 1249 1536 exer-

227 1561 304 1623 citus
336 1561 433 1623 nostri
464 1578 649 1640 magnusque
675 1559 826 1639 utrimque
852 1559 965 1621 clamor
991 1559 1153 1623 oriebatur.
1198 1561 1252 1622 Ita'

184 1646 368 1729 requieque,
400 1655 490 1726 prout
516 1656 582 1708 erat
609 1645 739 1707 maxime
765 1644 908 1726 insignis,
936 1664 996 1727 quo
1022 1646 1122 1708 notior
1148 1655 1250 1709 testa-

227 1733 345 1814 tiorque
376 1731 474 1796 virtus
506 1740 588 1794 esset
620 1731 698 1807 eius,
732 1731 802 1793 telis
829 1731 963 1793 hostium
989 1731 1189 1813 flammaeque
1215 1751 1250 1794 se

185 1819 380 1883 &offerebat
423 1817 539 1883 Caesar
564 1837 631 1880 curn
659 1816 828 1899 complures
850 1836 922 1880 snos
944 1817 1097 1881 vulnerari
1117 1819 1249 1893 videret,

228 1923 266 1968 ex
298 1905 436 1968 omnibus
469 1903 571 1986 oppidi
601 1905 738 1984 partibus
765 1903 903 1966 cohortes
931 1913 1064 1967 montem
1085 1905 1250 1967 ascendere

229 2000 260 2054 et
286 1990 476 2054 simulatione
502 1989 652 2052 moenium
674 1990 914 2069 occupandorum
934 1989 1097 2053 clamorem
1118 1991 1252 2072 undique

186 2100 215 2138 ao
228 2077 312 2140 iubet
343 2076 457 2139 tollere.
505 2073 575 2145 Quo
606 2076 686 2137 lacto
718 2075 872 2156 perterriti
904 2075 1047 2156 oppidani
1077 2095 1145 2139 cum
1178 2077 1252 2160 quid

230 2170 368 2245 ageretur
399 2162 432 2225 in
463 2161 538 2224 locis
570 2161 691 2242 reliquis
718 2171 822 2224 essent
848 2162 1004 2243 suspensi,
1035 2172 1180 2226 revocant
1212 2163 1251 2224 ab

228 2247 440 2331 impugnandis
467 2247 608 2329 operibus
641 2256 777 2310 armatos
804 2247 957 2328 murisque
983 2248 1156 2330 disponunt.
1201 2249 1253 2312 Ita

230 2334 329 2399 nostri
358 2334 419 2397 dno
450 2333 557 2415 proelii
587 2333 669 2395 facto
695 2332 828 2396 celeriter
855 2353 949 2415 opera
969 2334 1092 2398 flamma
1112 2354 1253 2417 compre·

229 2420 329 2485 hensa
358 2418 471 2501 partim
501 2418 707 2500 restinguunt,
744 2420 858 2500 partim
889 2420 1120 2484 interscindunt.
1175 2421 1253 2485 Cum

187 2531 216 2569 as
229 2505 424 2588 pertinaciter
436 2504 613 2569 resisterent
628 2504 785 2586 oppidani,
808 2525 920 2588 magna
933 2507 1025 2572 etiam
1039 2516 1125 2589 parte
1136 2509 1254 2571 amissa

230 2592 283 2656 siti
304 2610 426 2657 suorum
445 2590 479 2655 in
500 2591 652 2653 sententia
672 2593 904 2673 permanebant;
938 2602 973 2656 at
998 2595 1039 2657 ad
1065 2603 1253 2674 postremum

231 2678 375 2742 cuniculis
394 2696 492 2741 venae
512 2678 606 2741 fontis
627 2672 787 2741 intercisae
809 2688 881 2742 sunt
902 2688 994 2761 atque
1015 2699 1150 2743 aversae.
1183 2678 1253 2754 Quo

231 2767 313 2831 lacto
334 2773 457 2846 repente
479 2764 619 2846 perennis
642 2765 761 2828 exaruit
781 2766 849 2828 fons
872 2775 1048 2847 tantamque
1070 2766 1175 2829 attulit
1194 2787 1253 2848 op·

230 2851 351 2931 pidanis
373 2851 481 2914 salutis
503 2851 760 2932 desperationem,
792 2862 828 2915 ut
853 2851 886 2915 id
911 2872 972 2915 nou
998 2854 1153 2916 bominum
1180 2873 1255 2917 con·

189 2937 317 3014 cosilio,
345 2939 399 3000 sed
427 2938 549 3000 deorum
575 2936 734 3000 voluntate
759 2938 872 3002 factum
893 2947 1045 3021 putarent.
1088 2940 1199 3021 Itaque
1220 2959 1255 3003 se

232 3024 413 3088 necessitate
434 3023 529 3087 coacti
550 3024 748 3087 tradiderunt

189 3114 225 3165 44
297 3109 419 3187 Caesar,
447 3129 513 3172 cum
540 3129 627 3172 suam
653 3109 809 3173 lenitatem
831 3111 982 3193 cognitam
1004 3111 1144 3175 omnibus
1165 3112 1257 3175 sciret

232 3216 330 3278 neque
344 3207 506 3269 vereretur,
529 3216 567 3258 ue
581 3196 654 3278 quid
668 3197 844 3260 cmdelitate
854 3207 983 3261 naturae
997 3197 1151 3261 videretur
1161 3218 1255 3280 aspe-

232 3282 295 3345 rius
326 3282 449 3357 fecisse,
483 3301 579 3363 neque
607 3282 720 3346 exitum
749 3283 940 3347 consiliorum
968 3303 1089 3347 suornm
1111 3285 1254 3348 animad-

190 3393 218 3431 aa
232 3376 380 3442 verteret,
415 3368 441 3429 si
468 3367 524 3430 tali
549 3368 667 3430 ratione
696 3368 823 3431 diversis
850 3370 882 3432 in
909 3370 982 3434 locis
1003 3369 1107 3452 plnres
1128 3372 1256 3435 consilia

233 3455 377 3530 inissent,
406 3454 542 3536 exemplo
564 3454 702 3536 supplicii
724 3456 918 3519 deterrendos
940 3456 1071 3538 reliquos
1094 3457 1255 3521 existima·

233 3541 288 3604 vit
319 3541 427 3622 Itaque
449 3540 602 3616 omnibus,
626 3539 677 3623 qui
699 3559 784 3603 arma
806 3543 954 3617 tulerant,
975 3563 1085 3606 manus
1107 3543 1257 3625 praecidit

234 3628 387 3708 vitamque
409 3625 569 3701 concessit,
592 3645 650 3706 quo
672 3626 814 3690 testatior
836 3639 917 3692 esset
933 3649 1032 3710 poena
1041 3629 1255 3711 improborum.

234 3714 388 3795 Drappes,
421 3732 508 3794 quem
536 3720 656 3794 captum
683 3731 751 3775 esse
777 3733 797 3774 a
824 3713 952 3778 Caninio
980 3715 1081 3789 docui,
1114 3716 1180 3778 sive
1205 3717 1258 3780 in·

192 3798 382 3880 indignitate
409 3808 440 3861 et
460 3798 563 3862 dolore
583 3796 768 3861 vinculorum
791 3799 856 3864 sive
877 3801 986 3864 timore
1008 3801 1157 3884 gravioris
1179 3823 1257 3884 sup-

234 3882 315 3965 plicii
335 3884 437 3965 paucis
459 3885 564 3948 diebus
585 3884 651 3947 cibo
665 3904 698 3946 se
714 3885 861 3950 abstinuit
874 3897 965 3969 atque
979 3889 1024 3951 ita
1036 3888 1160 3951 interiit.
1190 3889 1258 3952 Eo-

236 3970 303 4034 dem
324 3979 458 4052 tempore
472 3969 643 4046 Lucterius,
666 3991 754 4054 quem
768 3975 934 4056 profugisse
949 3994 988 4038 ex
1001 3973 1115 4057 proelio
1130 3975 1257 4057 scripsi,
