2616 4492
415 262 490 328 'nna
506 280 539 326 u.
563 280 640 327 cerr.
656 263 794 327 27-31.
1083 261 1124 327 79

95 438 153 499 que
176 417 266 482 aliter
293 417 443 480 Carnutes
465 418 669 480 interficiundi
692 417 828 498 Tasgetii
851 415 1007 478 eonsilium
1029 417 1125 480 luisse

96 513 253 584 capturos,
288 525 385 585 neque
411 505 586 578 Eburones,
621 506 649 566 si
680 504 732 566 ille
761 505 899 577 adesset,
934 512 1022 564 tanta
1049 522 1124 565 oon-

96 591 261 670 temptione
294 591 391 652 nostri
424 591 464 652 ad
490 600 593 652 castra
619 600 763 652 venturos
792 609 868 650 esse.
913 590 983 651 Non
1006 590 1124 652 bostem

96 686 266 750 auctorem,
300 679 355 738 sed
388 696 452 738 rem
486 686 637 756 spectare:
673 678 799 738 subesse
821 677 978 748 Rhenum;
1013 695 1123 756 magno

96 783 164 824 esse
187 762 350 824 Germanis
374 761 470 824 dolori
492 763 643 825 Ariovisti
666 773 793 825 mortem
817 772 849 824 et
871 762 1042 841 superiores
1066 782 1153 828 no=u

95 857 177 910 stras
210 849 369 921 victorias3
404 850 511 910 ardere
545 849 679 911 Galliam
706 859 753 910 tot
781 849 970 910 contumeliis
993 848 1123 928 acceptis

96 935 153 996 sub
184 935 290 1014 populi
322 935 453 996 Romani
486 935 642 1014 imperium
671 937 824 998 redactam
853 935 1005 1014 superiore
1028 935 1125 1014 gloria

96 1021 141 1082 rei
163 1021 302 1082 militaris
330 1021 489 1082 exstincta.
533 1021 693 1083 Postremo
728 1023 795 1101 quis
823 1021 880 1081 hoc
908 1021 966 1081 sibi
992 1040 1122 1099 persua-

96 1108 195 1180 deret,
231 1107 297 1168 sine
330 1117 414 1168 certa
439 1126 472 1168 re
500 1106 707 1188 Ambiorigem
736 1109 775 1169 ad
798 1106 944 1167 eiusmodi
967 1107 1123 1167 consilium

96 1192 307 1255 descendisse?
352 1193 445 1256 Suam
475 1194 657 1255 sententiam
680 1194 711 1254 in
733 1201 1032 1272 utramquepartem
1056 1213 1169 1260 essem

95 1287 210 1341 tutam:
234 1279 261 1340 si
284 1279 360 1341 nihil
382 1288 465 1341 esset
488 1280 606 1354 durius,
631 1279 713 1340 nullo
736 1299 802 1341 cum
818 1279 949 1358 periculo
965 1280 1005 1340 ad
1019 1278 1124 1359 proxi·

95 1385 177 1426 mam
209 1365 356 1446 legionem
389 1375 606 1446 perventuros3
640 1367 666 1426 si
694 1364 798 1427 Gallia
826 1365 923 1426 omnis
952 1384 1018 1426 curn
1042 1364 1123 1428 Ger-

96 1452 196 1513 manis
231 1453 429 1526 consentiret,
458 1470 550 1512 unam
579 1472 646 1513 esse
673 1451 705 1512 in
734 1452 889 1513 celeritate
915 1451 1047 1530 positam
1070 1471 1124 1513 sa-

95 1537 199 1600 lutem.
250 1537 360 1600 Cottae
394 1537 513 1617 quidem
540 1547 638 1618 atque
672 1557 791 1612 eorum,
825 1538 876 1617 qui
910 1537 1121 1612 dissentirent,

94 1624 251 1685 consilium
285 1642 374 1703 quem
407 1624 517 1684 babere
552 1623 685 1685 exitum?
722 1623 753 1685 in
787 1642 845 1704 quo
880 1623 906 1684 si
941 1642 1001 1684 non
1030 1644 1123 1703 prae-
1138 1652 1167 1691 rs

96 1728 166 1771 sens
189 1710 364 1789 periculum,
392 1718 425 1771 at
450 1719 531 1771 certe
556 1709 719 1791 longinqua
745 1709 900 1771 obsidione
923 1710 1019 1771 fames
1042 1717 1124 1772 esset

97 1795 241 1857 timenda.

161 1881 230 1942 Hac
261 1880 293 1942 in
325 1887 485 1960 utramque
511 1890 629 1960 partem
657 1881 861 1961 disputatione
888 1881 994 1943 habita
1016 1899 1082 1941 cum
1105 1890 1168 1943 a30

97 1966 191 2029 Cotta
222 1966 387 2047 primisque
421 1967 576 2028 ordinibus
610 1967 719 2029 aeriter
751 1968 950 2039 resisteretur,
984 1966 1123 2041 Vincite,

95 2053 207 2133 iuquit,
243 2053 270 2115 si
302 2052 347 2114 ita
378 2052 487 2127 vultis,
523 2053 670 2128 Sabinus,
705 2061 736 2114 et
762 2054 793 2116 id
821 2053 947 2115 clariore
968 2072 1056 2127 voce,
1091 2062 1125 2115 ut
1138 2081 1169 2120 so

97 2159 209 2220 magna
230 2159 303 2219 pars
327 2138 454 2200 militum
478 2140 650 2213 exaudiret;
674 2159 771 2220 neque
793 2140 917 2212 issum,
942 2139 1048 2218 inquit,
1073 2138 1124 2218 qui

97 2226 275 2306 gravissime
308 2245 345 2286 ex
372 2225 459 2287 vobis
488 2225 593 2288 mortis
615 2226 747 2305 periculo
771 2236 900 2299 terrear3
934 2225 965 2287 hi
989 2225 1123 2304 sapieut3

96 2312 123 2373 si
145 2312 266 2392 gravius
290 2312 361 2392 quid
384 2312 543 2389 acciderit,
568 2312 624 2373 abs
647 2322 677 2373 te
699 2311 848 2373 rationem
864 2319 1038 2391 reposcent;
1062 2311 1123 2390 qui,

96 2397 124 2459 si
145 2417 200 2478 per
221 2407 252 2460 te
275 2397 378 2471 liceat,
401 2399 568 2478 perendino
592 2398 639 2459 die
654 2417 722 2458 cum
737 2398 883 2478 proximis
900 2397 1034 2459 hibernis
1050 2416 1124 2458 con-

95 2483 187 2545 iuncti
210 2503 397 2546 communem
419 2505 486 2546 cum
509 2484 632 2565 reliquis
655 2484 844 2545 bellicosum
860 2484 1040 2557 sustineant,
1064 2501 1124 2544 non
1139 2512 1169 2550 2⁵

96 2569 199 2631 reiecti
232 2579 264 2631 et
297 2569 422 2650 relegati
456 2571 544 2650 longe
578 2571 616 2630 ab
651 2570 758 2632 ceteris
786 2579 840 2631 aut
866 2572 945 2632 ferro
970 2579 1024 2631 aut
1045 2570 1125 2631 fame

96 2656 255 2718 intereant.
294 2655 492 2736 Consurgitur
512 2676 550 2717 ex
570 2656 712 2730 consilio;
735 2657 990 2736 comprehendunt
1004 2662 1166 2717 utrum-31

98 2760 155 2821 que
189 2750 220 2802 et
253 2749 356 2814 orant,
390 2761 429 2802 ne
455 2762 512 2803 sua
538 2742 728 2804 dissensione
757 2751 788 2804 et
814 2742 981 2822 pertinacia
1008 2761 1071 2803 rem
1093 2740 1125 2803 in

98 2845 248 2886 summurn
270 2826 436 2903 periculum
459 2828 625 2889 deducant:
649 2828 767 2889 facilem
791 2847 858 2890 esse
880 2848 956 2903 rem,
980 2847 1034 2889 seu
1057 2847 1125 2890 ma-

98 2919 207 2983 neant,
236 2929 290 2971 seu
311 2911 551 2989 proficiscantur,
586 2913 612 2973 si
635 2915 724 2975 modo
747 2933 838 2975 unum
863 2933 967 2976 omnes
990 2914 1126 2975 sentiant
1139 2939 1169 2978 so

96 3015 134 3057 ac
155 2996 300 3074 probeut;
324 3003 430 3056 contra
451 2996 483 3057 in
505 2996 694 3061 dissensione
716 2999 830 3060 nullam
854 3019 887 3061 se
908 3001 1039 3061 salntem
1054 3018 1126 3078 per-

98 3081 222 3161 spicere.
266 3081 330 3142 Res
358 3080 563 3160 disputatione
585 3085 626 3144 ad
648 3085 779 3146 mediam
801 3094 919 3146 noctem
941 3085 1125 3165 perducitur.

97 3169 236 3229 Tandem
269 3168 324 3230 dat
357 3166 450 3227 Cotta
482 3176 637 3246 permotus
664 3188 786 3231 manus:
820 3179 946 3250 superat
973 3169 1127 3230 sententia

97 3253 214 3316 Sabini.
258 3252 478 3316 Pronuntiatur
499 3251 599 3333 prima
620 3253 686 3317 luce
707 3254 812 3316 ituros.
857 3253 1053 3317 Consumitur
1075 3253 1125 3314 vi-

97 3339 176 3420 giliis
199 3338 316 3418 reliqua
336 3359 409 3419 pars
432 3338 544 3413 noctis,
569 3358 636 3400 cnm
660 3359 715 3400 sua
738 3340 863 3420 quisque
887 3340 972 3401 miles
996 3338 1126 3400 circum·
1139 3365 1169 3404 aa

98 3426 242 3505 spiceret,
267 3425 339 3505 qnid
362 3444 462 3486 secum
485 3433 608 3504 portare
630 3434 751 3505 posset,
776 3426 848 3506 quid
871 3445 909 3487 ex
923 3425 1126 3486 instrumento

96 3511 292 3574 hibernorum
332 3511 502 3591 relinquere
536 3521 700 3592 cogeretur.
758 3511 869 3574 Omnia
903 3510 1125 3590 excogitantur,

97 3617 189 3677 quare
216 3615 270 3659 nec
297 3597 361 3658 siue
387 3597 521 3676 periculo
545 3608 704 3662 maneatur
727 3607 758 3660 et
780 3598 923 3677 languore
946 3596 1073 3658 militum
1095 3605 1127 3658 et

96 3683 208 3764 vigiliis
240 3683 403 3763 periculum
438 3692 593 3763 angeatur.
649 3684 755 3747 Prima
787 3684 851 3746 luce
885 3685 929 3745 sic
957 3702 995 3744 ex
1017 3682 1126 3745 castris

96 3769 334 3848 proficiscuntur,
369 3778 403 3830 ut
430 3770 540 3850 quibus
568 3779 651 3831 esset
677 3789 854 3850 persuasum
877 3790 938 3833 nou
961 3771 1000 3831 ab
1022 3769 1124 3842 hoste,
1138 3797 1170 3834 oo

98 3856 152 3916 sed
184 3857 223 3917 ab
256 3856 377 3917 homine
405 3855 589 3917 amicissimo
616 3855 793 3937 Ambiorige
822 3857 981 3930 consilium
1005 3857 1124 3928 datum,

97 3939 270 4020 longissimo
293 3941 411 4021 agmine
434 3941 633 4022 maximisque
654 3942 884 4022 impedimentis.
