2616 4492
198 264 241 328 74
525 280 574 327 nn
596 281 715 329 annno
740 281 896 330 amasco

156 426 189 480 17
263 419 391 479 Postero
424 418 472 480 die
504 420 607 499 procul
634 439 654 480 a
681 421 792 482 castris
819 421 925 482 hostes
949 419 982 482 in
1003 419 1130 482 collibus
1152 439 1227 482 con-

198 505 343 566 stiterunt
369 505 490 584 rarique
519 526 552 567 se
581 508 741 568 ostendere
763 515 795 568 et
817 506 914 568 lenius
937 526 1027 586 quam
1049 506 1146 586 pridie
1169 526 1228 568 no-

199 600 279 652 stros
313 590 430 670 equites
463 592 578 671 proelio
608 593 756 653 lacessere
782 600 954 672 coeperunt
1000 591 1062 655 Sed
1084 592 1224 667 meridie,

196 697 262 738 cum
297 675 413 738 Caesar
438 677 603 756 pabulandi
631 698 723 740 causa
750 688 813 740 tres
835 678 967 759 legiones
990 686 1083 758 atque
1105 697 1227 739 omnem

166 763 366 843 aequitatum
400 782 465 824 cum
501 762 579 824 Gaio
609 765 761 826 Trebonio
789 765 888 844 legato
917 764 1068 838 misisset,
1102 772 1227 843 repente

197 867 235 911 ex
258 849 396 910 omnibns
419 849 557 928 partibus
581 852 620 912 ad
642 851 840 930 pabulatores
862 851 1099 922 advolaverunt,
1123 849 1226 911 sicuti

199 936 238 996 ab
261 935 355 1014 signis
379 935 606 1016 legionibusque
627 956 688 997 non
711 936 904 998 absisterent
940 936 1046 997 Nostri
1069 936 1179 997 acriter
1193 937 1227 998 in

198 1040 250 1082 eos
284 1020 398 1100 impetu
430 1023 510 1083 facto
544 1023 742 1102 reppulerunt
769 1041 865 1103 neque
892 1023 983 1083 finem
1012 1022 1157 1100 sequendi
1178 1024 1226 1083 le-

196 1114 314 1180 cerunt,
344 1108 443 1186 quoad
466 1108 602 1168 subsidio
625 1109 729 1169 confisi
752 1109 885 1188 equites,
909 1127 976 1169 cum
998 1117 1070 1188 post
1091 1107 1225 1187 legiones

158 1193 347 1267 reviderent,
370 1193 550 1272 praecipites
567 1195 671 1255 hostes
689 1203 831 1274 egerunt,
856 1213 1024 1275 magnoque
1047 1212 1149 1254 eorum
1165 1213 1225 1255 nu-

197 1298 280 1340 mero
303 1278 459 1341 interfecto
483 1299 580 1359 neque
603 1281 651 1341 sui
672 1281 831 1360 colligendi
853 1300 951 1360 neque
973 1279 1157 1341 consistendi
1170 1289 1226 1341 aut

197 1384 236 1426 ex
268 1365 383 1426 essedis
418 1365 575 1427 desiliendi
603 1366 779 1428 facultatem
803 1368 959 1428 dederunt.
1003 1367 1053 1427 Ex
1076 1365 1133 1426 hac
1153 1366 1226 1446 fuga

195 1451 335 1531 protinus
369 1471 447 1531 quae
474 1452 605 1532 undique
634 1461 840 1514 convenerant
867 1452 981 1513 auxilia
1004 1453 1223 1526 discesserunt,

196 1556 292 1617 neque
324 1545 396 1617 post
428 1537 459 1598 id
488 1548 607 1617 tempus
635 1548 777 1618 nmquam
804 1539 929 1600 summis
951 1539 1107 1600 nobiscum
1129 1537 1224 1617 copiis

152 1637 180 1675 ¹³
198 1624 303 1684 hostes
326 1625 553 1684 contendemnt.

154 1716 187 1766 18
261 1709 376 1770 Caesar
398 1709 516 1788 cognito
539 1709 663 1770 consilio
692 1728 792 1770 eornm
817 1709 855 1769 ad
879 1708 990 1768 flumen
1014 1708 1169 1770 Tamesim
1191 1709 1224 1770 in

195 1797 271 1857 lines
295 1795 516 1857 Cassivellauni
540 1796 704 1857 exercitum
726 1795 827 1869 duxit,
852 1796 932 1873 quod
953 1793 1063 1854 flumen
1079 1812 1139 1855 uno
1155 1813 1224 1856 om·

196 1880 267 1942 nino
290 1880 354 1941 loco
376 1883 521 1960 pedibus,
549 1890 640 1962 atque
662 1881 720 1943 hoc
742 1900 846 1961 aegre,
872 1880 997 1941 transiri
1019 1888 1131 1959 potest.
1175 1881 1223 1943 Eo

195 1985 261 2028 cum
284 1967 436 2040 venisset,
461 1967 595 2028 animum
618 1967 750 2029 advertit
772 1968 813 2028 ad
835 1964 962 2027 alteram
979 1965 1109 2026 fluminis
1125 1966 1223 2045 ripam

153 2071 181 2109 ao
196 2071 323 2132 magnas
347 2071 413 2112 esse
435 2053 538 2133 copias
560 2053 693 2114 bostium
716 2053 891 2113 instructas.
936 2051 1018 2131 Ripa
1041 2061 1143 2113 autem
1158 2060 1225 2113 erat

195 2138 293 2199 acutis
322 2138 446 2199 sudibus
472 2139 615 2218 praefixis
641 2139 771 2211 munita,
800 2138 994 2217 eiusdemque
1020 2137 1137 2217 generis
1163 2138 1222 2199 sub

195 2242 276 2303 aqua
305 2224 422 2284 defixae
450 2225 542 2284 sudes
564 2223 686 2285 flumine
708 2224 894 2303 tegebantur.
938 2224 981 2285 Iis
1005 2223 1095 2285 rebus
1118 2224 1223 2303 cogni-

194 2309 236 2370 tis
259 2329 278 2370 a
300 2309 430 2388 captivis
452 2309 641 2389 perfugisque
662 2309 778 2371 Caesar
798 2310 965 2388 praemisso
988 2309 1124 2389 equitatu
1145 2328 1222 2371 con-

193 2394 295 2456 festim
330 2395 461 2476 legiones
490 2396 633 2475 subsequi
660 2395 759 2457 iussit.
811 2394 872 2457 Sed
895 2415 932 2456 ea
954 2395 1108 2456 celeritate
1130 2405 1222 2475 atque

151 2501 180 2539 es
195 2499 231 2543 eo
258 2482 372 2560 impetu
401 2481 514 2542 milites
541 2481 656 2556 ierunt,
691 2500 758 2542 eum
786 2481 884 2560 capite
912 2481 1039 2542 soloen
1060 2500 1142 2561 aqna
1164 2500 1222 2542 ex-

195 2575 321 2641 starent,
345 2576 379 2629 ut
400 2567 504 2628 hostes
526 2568 670 2647 impetum
694 2567 844 2647 legionum
867 2576 959 2647 atque
975 2567 1108 2647 equitum
1123 2567 1222 2628 susti-

194 2671 263 2713 nere
278 2672 337 2713 non
353 2664 480 2733 possent
491 2653 632 2733 ripasque
643 2654 830 2714 dimitterent
843 2673 878 2714 ac
888 2672 921 2713 se
932 2653 1021 2732 fugae
1031 2654 1221 2716 mandarent.
1281 2699 1288 2704 -

154 2752 185 2804 19
259 2737 522 2812 Cassivellaunus,
559 2748 592 2800 ut
618 2759 711 2818 supra
732 2739 1021 2811 demonstravimus,
1056 2738 1138 2799 omni
1165 2739 1221 2799 de-

192 2824 296 2904 posita
323 2844 377 2904 spe
400 2824 602 2886 contentionis
625 2824 759 2886 dimissis
782 2825 977 2904 amplioribus
1000 2825 1108 2904 copiis,
1137 2824 1221 2886 mili-

152 2911 249 2976 anbus
273 2910 390 2972 circiter
417 2920 559 2991 quattuor
587 2911 806 2972 essedariorum
833 2911 960 2983 relictis,
983 2910 1092 2971 itinera
1114 2919 1222 2971 nostra

193 2999 340 3058 servabat
371 2997 554 3077 paulumque
581 3017 619 3058 ex
646 2998 699 3059 via
727 2998 891 3059 excedebat
912 2996 1044 3076 locisque
1065 2995 1221 3076 impeditis

193 3100 229 3144 ac
256 3083 449 3144 silvestribus
478 3103 545 3144 sese
568 3083 739 3144 occultabat
761 3091 852 3163 atque
874 3083 912 3143 iis
935 3082 1122 3164 regionibus,
1151 3081 1221 3161 qui-

192 3169 249 3230 bns
277 3189 333 3230 nos
361 3170 418 3230 iter
444 3171 577 3230 facturos
600 3179 798 3249 cognoverat,
832 3187 943 3248 pecora
970 3177 1060 3248 atque
1083 3167 1221 3230 hominos

193 3274 231 3316 ex
263 3255 344 3335 agris
372 3256 402 3316 in
427 3256 521 3316 silvas
544 3255 743 3334 compellebat
766 3263 812 3327 et,
847 3273 912 3315 cum
941 3254 1094 3334 equitatus
1117 3262 1222 3315 noster

150 3368 178 3407 ae
191 3340 315 3403 liberius
337 3341 505 3422 praedandi
528 3343 730 3422 vastandique
753 3359 846 3402 eausa
868 3359 901 3401 se
922 3339 954 3400 in
977 3359 1066 3420 agros
1082 3339 1219 3414 eiecerat,

190 3429 330 3489 omnibus
357 3428 415 3489 viis
445 3428 619 3508 semitisque
648 3427 816 3489 essedarios
840 3445 878 3487 ex
900 3425 986 3487 silvis
1009 3426 1169 3487 emittebat
1190 3433 1222 3487 et

192 3532 301 3594 magno
330 3533 397 3575 cum
420 3514 549 3592 periculo
569 3522 744 3575 nostrorum
769 3513 902 3593 equitum
926 3532 993 3573 cum
1015 3512 1054 3573 iis
1077 3511 1221 3591 conflige-

191 3598 246 3659 bat
273 3609 364 3680 atque
392 3601 450 3661 hoc
472 3608 553 3661 metu
575 3599 667 3661 latius
689 3599 795 3680 vagari
816 3599 1008 3679 prohibebat.
1052 3597 1220 3677 Relinque-

191 3685 291 3758 batur,
315 3695 350 3746 ut
372 3705 468 3766 neque
491 3685 609 3764 longius
633 3686 672 3746 ab
695 3685 814 3765 agmine
836 3685 986 3765 legionum
1008 3683 1120 3744 discedi
1136 3682 1219 3743 Cae·

150 3788 244 3836 mear
269 3780 433 3849 pateretur,
469 3780 499 3832 et
527 3780 646 3832 tantum
674 3771 706 3839 in
728 3770 809 3851 agris
831 3770 992 3833 vastandis
1014 3768 1221 3847 incendiisque

190 3855 336 3917 iaciendis
358 3856 498 3919 hostibus
522 3865 689 3931 noceretur,
714 3866 859 3937 quantum
882 3857 988 3918 labore
1003 3865 1096 3936 atque
1110 3855 1218 3916 itinere

191 3940 347 4020 legionarii
370 3943 480 4005 milites
504 3944 619 4004 efficere
641 3951 793 4022 poterant.
