2616 4492
400 292 470 341 nm.
485 292 519 339 v.
542 290 619 340 cnr.
635 274 772 339 32-37.
1049 272 1090 336 81

79 432 146 504 Quo
167 440 326 514 praecepto
348 432 387 493 ab
409 431 446 494 iis
469 430 895 512 diligentissimeobservato,
918 447 984 491 oum
999 429 1136 510 quae-³⁵

77 521 159 601 piam
194 520 300 580 cohors
328 537 366 579 ex
392 520 464 580 orbe
491 527 662 579 excesserat
689 526 780 597 atque
801 517 945 596 impetum
965 517 1093 592 fecerat,

79 608 183 669 hostes
209 601 397 666 velocissime
419 606 615 685 refugiebant.
644 604 782 665 luterim
805 622 871 664 eam
894 611 1012 682 partem
1034 623 1094 665 nu-

79 693 145 755 dari
166 711 288 752 necesse
311 699 378 752 erat
398 701 429 752 et
450 692 489 751 ab
512 691 605 752 latere
628 698 732 770 aperto
754 689 816 750 tela
838 688 937 768 recipi.
975 689 1095 751 Rursus

80 799 145 841 oum
169 779 200 839 in
223 798 290 838 eum
312 778 423 850 locum,
446 778 525 838 unde
548 785 634 837 erant
649 776 776 857 egressi,
800 775 910 838 reverti
925 785 1123 854 coeperantr

79 874 110 926 ct
132 865 170 926 ab
188 865 245 937 iis,
269 863 320 943 qui
342 871 511 937 cesserant,
536 871 566 923 et
588 864 626 924 ab
649 862 701 934 iis,
724 863 774 943 qui
788 861 917 941 proximi
932 870 1095 939 steterant,

79 950 400 1022 circumveniebantur3
433 949 481 1010 sin
509 959 610 1010 autem
637 949 734 1009 locum
758 956 860 1009 tenere
881 947 1009 1020 vellent,
1042 944 1107 1011 noc'

78 1037 185 1099 virtuti
212 1037 294 1098 locus
322 1036 560 1115 relinquebatur,
591 1055 687 1115 neque
720 1035 759 1096 ab
791 1044 879 1095 tanta
906 1033 1097 1097 multitudino

80 1123 214 1185 coniecta
234 1121 297 1184 tela
318 1121 443 1183 conferti
463 1121 562 1187 vitare
583 1130 731 1200 poterant.
762 1119 893 1182 -Tamen
915 1129 962 1182 tot
982 1121 1098 1183 incom-

80 1209 178 1271 modis
206 1208 367 1270 confiictati
391 1207 493 1269 multis
516 1206 689 1269 vulneribus
712 1208 842 1286 acceptis
864 1207 1048 1269 resistebant
1068 1215 1100 1270 et
1113 1236 1142 1275 ιο

80 1315 191 1376 magna
222 1304 310 1374 parte
339 1293 397 1355 diei
420 1302 612 1374 consumpta,
645 1313 753 1355 cuma
774 1293 871 1374 prima
893 1293 957 1354 luce
980 1295 1020 1354 ad
1040 1287 1117 1356 ho-'

82 1402 147 1444 ram
181 1389 321 1442 octavam
348 1389 543 1460 pugnaretur,
571 1380 660 1452 nihil,
695 1381 774 1464 quod
800 1379 875 1459 ipsis
898 1388 980 1440 esset
1000 1379 1100 1460 indig-

82 1487 169 1540 num,
202 1467 439 1528 committebant
489 1467 566 1527 Tum
600 1466 636 1527 T.
658 1465 836 1538 Balventio,
870 1465 921 1546 qui
948 1466 1100 1545 superiore

82 1573 162 1615 anno
191 1553 319 1634 primum
345 1552 438 1633 pilum
461 1553 603 1625 duxerat,
636 1551 701 1613 viro
728 1552 799 1612 forti
821 1560 853 1626 et
873 1570 1002 1630 magnae
1025 1571 1100 1613 auc-

83 1640 233 1714 toritatis,
256 1648 413 1718 utrumque
433 1639 529 1698 femur
551 1637 671 1717 tragula
692 1637 853 1710 traiicitur3
883 1635 920 1706 Q.
936 1637 1099 1713 Lucanius,
1115 1668 1143 1706 ιι

84 1727 215 1787 eiusdem
237 1725 365 1797 ordinis,
387 1723 550 1784 fortissime
571 1743 723 1803 pugnans,
747 1725 817 1784 dum
839 1723 1041 1785 circumvento
1063 1725 1102 1785 fi-

84 1813 125 1873 lio
148 1810 302 1885 subvenit,
326 1810 514 1882 interficitur3
536 1808 572 1870 L.
586 1809 677 1870 Cotta
698 1809 814 1889 legatus
838 1829 941 1870 omnes
964 1810 1102 1872 cohortos

86 1897 265 1977 ordinesque
288 1897 454 1958 adhortans
475 1895 507 1956 in
529 1897 690 1956 adversum
712 1915 746 1956 os
768 1897 862 1956 funda
882 1894 1065 1975 vulneratur.

149 1983 208 2045 His
229 1983 318 2044 rebus
340 1992 492 2062 permotus
515 1979 553 2050 Q.
571 1981 721 2056 Titurius,
745 2001 811 2043 cum
826 1982 930 2062 procul
944 1981 1145 2046 Ambiori-36

86 2089 152 2151 gem
185 2088 256 2130 snos
290 2067 495 2130 cohortantem
528 2067 750 2147 conspexisset,
785 2068 980 2149 interpretem
1014 2089 1102 2131 sunm
1116 2099 1146 2137 20

86 2157 204 2218 Gneum
226 2155 403 2236 Pompeium
424 2156 463 2216 ad
486 2173 553 2216 eum
575 2154 669 2215 mittit
690 2163 844 2235 rogatum,
868 2164 902 2216 ut
924 2155 981 2217 sibi
997 2155 1103 2218 militi-

85 2245 201 2323 busque
221 2251 335 2322 parcat.
378 2240 435 2302 Ille
458 2241 628 2321 appellatus
651 2241 820 2321 respondit:
850 2240 884 2303 Si
906 2243 981 2303 velit
1002 2261 1103 2304 secum

86 2328 238 2409 conloqui,
271 2328 389 2401 licere3¹
408 2346 530 2406 sperare
557 2347 577 2389 a
603 2327 794 2389 multitudine
821 2328 977 2408 impetrari
998 2346 1104 2408 posse,

88 2417 169 2497 quod
191 2416 231 2476 ad
251 2414 531 2476 militum-salntem
552 2415 718 2495 pertineat3
746 2415 806 2493 ipsi
827 2434 899 2476 vero
922 2414 997 2476 nihil
1018 2415 1104 2476 noci-

86 2513 153 2564 tum
174 2501 227 2575 iri,
249 2501 340 2581 inque
363 2520 431 2561 eam
453 2520 516 2562 rem
540 2521 572 2562 se
596 2520 681 2562 suam
704 2502 793 2562 fidem
815 2500 1013 2581 interponere.
1050 2500 1105 2562 Ille
1119 2531 1148 2569 αι

88 2608 156 2650 curn
178 2587 269 2648 Cotta
291 2587 392 2649 saucio
416 2586 629 2661 communicat,
653 2587 679 2648 si
700 2588 850 2661 videatur,
873 2607 974 2668 pugna
995 2597 1030 2649 nt
1051 2605 1106 2647 ex-

87 2675 198 2736 cedant
230 2682 262 2734 et
288 2691 355 2734 cum
382 2671 556 2753 Ambiorige
577 2693 639 2734 una
659 2674 888 2754 conloquuntur:
924 2693 1044 2753 sperare
1067 2674 1105 2734 ab

89 2780 124 2821 eo
158 2760 194 2820 de
227 2777 283 2820 sua
310 2777 346 2818 ac
372 2758 500 2820 militum
521 2759 620 2820 salute
640 2759 795 2839 impetrari
815 2779 915 2838 posse.
960 2760 1050 2821 Cotta
1073 2779 1105 2820 se

90 2847 130 2906 ad
152 2852 302 2904 armatum
324 2843 443 2904 hostem
463 2845 573 2906 iturum
596 2854 688 2925 neget
709 2854 799 2926 atque
822 2847 853 2907 in
873 2865 907 2906 eo
921 2855 1105 2925 perseverat.

90 2930 224 2992 Sabinus
256 2946 332 3009 quos
359 2928 391 2988 in
416 2931 593 3007 praesentia
619 2930 754 2992 tribunos
782 2932 907 2992 militum
935 2931 1044 2992 circum
1073 2940 1150 2992 seut

90 3015 224 3077 habebat
250 3023 282 3076 et
308 3012 471 3094 primorum
494 3016 630 3077 ordinum
652 3018 840 3078 centuriones
864 3036 896 3078 se
919 3017 1004 3097 sequi
1025 3018 1108 3078 iubet
1122 3047 1145 3084 rr
1177 3078 1181 3085 .

92 3111 137 3175 et,
172 3120 238 3162 curn
270 3096 395 3181 propius
427 3099 633 3182 Ambiorigem
667 3099 859 3177 accessisset,
894 3103 994 3164 iussus
1023 3122 1109 3164 arma

68 3188 220 3250 'abiicere
252 3187 432 3266 imperatum
464 3187 536 3248 facit
562 3187 698 3267 suisque,
732 3197 767 3249 nt
792 3189 872 3250 idem
893 3189 1020 3262 faciant,
1049 3190 1108 3250 im-

91 3283 188 3356 perat.
231 3272 357 3336 Interim
380 3274 451 3334 dum
473 3274 510 3334 de
531 3272 752 3335 condicionibus
775 3274 854 3337 inter
875 3295 907 3335 se
927 3284 1021 3355 agunt
1042 3275 1110 3335 lon-

93 3361 215 3441 giorque
238 3359 376 3421 consulto
400 3360 438 3420 ab
460 3358 635 3438 Ambiorige
649 3358 817 3422 instituitur
830 3380 939 3433 sermo,
962 3360 1110 3439 paulatim
1124 3389 1152 3428 ιι

93 3449 312 3509 circumventus
340 3445 526 3507 interficitur.
571 3445 649 3507 Turn
677 3466 749 3508 vero
772 3467 827 3509 suo
848 3465 931 3507 more
952 3446 1111 3508 victoriam

93 3535 282 3595 conclamant
314 3539 404 3612 atque
436 3532 582 3594 ululatum
610 3531 720 3594 tollunt
746 3533 918 3613 impetuque
940 3533 970 3593 in
993 3542 1112 3594 nostros

93 3622 173 3682 facto
196 3620 315 3681 ordines
337 3620 523 3699 perturbant
566 3618 614 3681 Ibi
637 3618 674 3681 L.
697 3619 789 3681 Cotta
809 3638 946 3700 pugnans
968 3618 1112 3681 interfici-

95 3715 234 3768 turcum
256 3705 388 3766 maxima
409 3714 496 3785 parte
518 3705 654 3767 militum.
697 3705 818 3785 Reliqui
841 3726 874 3766 se
896 3706 927 3765 in
948 3713 1049 3767 castra
1063 3725 1114 3768 re-

96 3792 223 3871 cipiunt,
257 3793 337 3853 unde
370 3800 457 3852 erant
489 3793 610 3872 egressi.
664 3792 713 3852 Ex
740 3792 847 3871 quibus
868 3791 904 3853 L.
925 3791 1114 3855 Petrosidius
1129 3822 1158 3860 ιο

98 3878 250 3956 aquilifer,
284 3896 351 3938 oum
383 3897 494 3958 magna
527 3879 715 3940 multitudine
748 3879 880 3939 hostium
912 3889 1114 3958 premeretur,

98 3962 230 4043 aquilam
251 3964 331 4026 intra
351 3963 466 4027 vallum
487 3965 626 4045 proiecit,
654 3965 719 4045 ipse
740 3985 795 4044 pro
819 3965 1114 4112 castrisssfortissime
