2616 4492
216 264 279 330 128
542 282 590 328 nn
612 281 728 328 annno
751 280 907 330 clauco

214 423 285 503 quid
308 431 397 494 esset,
421 420 570 501 explorari
591 430 720 501 poterat.
756 421 918 502 Legionem
937 440 1028 483 uuum
1044 423 1149 484 eodem
1164 422 1237 503 iugo

214 509 307 570 mittit
335 517 365 570 et
390 508 511 589 paulum
539 527 729 589 progressam
751 509 892 570 inferiore
914 509 1071 570 constituit
1091 509 1155 570 loco
1178 510 1237 571 sil-

212 595 319 676 visque
353 596 493 656 occultat.
542 593 680 675 Augetur
713 594 811 656 Gallis
842 595 975 675 suspicio
1009 604 1100 675 atque
1128 615 1237 657 omnes

212 681 264 743 illo
298 681 495 742 munitionum
529 681 631 760 copiae
664 682 868 743 traducuntur.
912 682 1022 743 Vacua
1048 690 1150 743 castra
1176 683 1237 743 ho-

183 768 305 829 rstium
333 768 448 829 Caesar
475 768 665 845 conspicatus
688 769 775 829 tectis
798 768 965 847 insignibus
989 788 1110 829 suorum
1133 769 1237 830 occul-

213 855 346 934 tatisque
379 853 472 934 signis
505 853 687 915 militaribus
720 873 803 915 raros
837 855 962 928 milites,
997 874 1035 915 ne
1063 874 1101 916 ex
1123 856 1237 935 oppido

214 941 533 1012 animadverterentur,
557 959 595 1001 ex
616 940 778 1002 maioribus
801 941 909 1002 castris
931 941 962 1001 iu
986 941 1104 1003 minora
1123 943 1236 1003 tradu-

214 1027 257 1089 cit
283 1026 463 1107 legatisque,
499 1046 573 1106 quos
596 1026 721 1106 siugulis
744 1026 1133 1106 legionibus-praefecerat,
1162 1028 1238 1108 quid

213 1113 278 1176 lieri
299 1113 389 1188 velit,
413 1113 560 1186 ostendit;
589 1113 725 1192 inprimis
748 1122 865 1186 monet,
893 1123 927 1174 ut
956 1114 1131 1175 contineant
1153 1115 1237 1176 mili-

176 1220 200 1258 ro
213 1208 276 1274 tes,
305 1219 342 1260 ne
365 1198 463 1260 studio
485 1199 639 1278 pugnandi
667 1207 720 1260 aut
742 1219 796 1278 spe
817 1200 1088 1280 praedae‘longius
1110 1220 1237 1282 progre-

214 1285 351 1359 diantur3
386 1285 456 1365 quid
478 1285 622 1367 iniquitas
645 1285 702 1346 loci
722 1286 836 1347 babeat
856 1286 1052 1360 incommodi,
1074 1288 1235 1367 proponit:
1282 1299 1285 1308 '

213 1372 271 1434 boc
301 1391 363 1433 una
396 1371 549 1432 celeritate
581 1373 829 1451 posse-‘mutari3
864 1373 1029 1434 occasionis
1057 1393 1124 1434 esse
1152 1393 1234 1448 rem,

214 1477 274 1520 non
296 1458 410 1540 proelii.
455 1458 512 1519 His
535 1458 625 1519 rebus
648 1459 793 1538 expositis
816 1459 932 1538 siguum
956 1461 1011 1521 dat
1025 1468 1055 1521 et
1070 1460 1110 1521 ab
1125 1461 1236 1523 dextra

212 1554 301 1626 parte
323 1544 382 1607 alio
406 1563 532 1606 ascensu
555 1545 660 1606 eodem
681 1552 817 1624 tempore
838 1544 964 1606 Aeduos
987 1546 1089 1607 mittit

170 1646 205 1698 46
278 1629 392 1712 Oppidi
424 1650 525 1692 murus
554 1632 593 1691 ab
620 1631 744 1711 planitie
767 1640 857 1712 atque
878 1632 963 1693 initio
986 1651 1129 1694 ascensus
1152 1640 1236 1694 rocta

171 1751 198 1790 1⁶
214 1717 350 1799 regione,
375 1717 401 1778 si
423 1718 524 1779 nullus
540 1718 702 1779 amiraotus
718 1718 924 1792 intercederet,
946 1734 1018 1781 mcc
1034 1738 1149 1798 passus
1159 1720 1234 1780 abe-

213 1812 276 1865 rat:
305 1804 444 1885 quicquid
464 1804 533 1865 huic
555 1803 693 1866 circuitus
716 1804 755 1865 ad
778 1804 971 1865 molliendum
999 1805 1106 1866 clivum
1129 1825 1234 1867 acces·

214 1899 312 1963 serat,
345 1891 377 1952 id
404 1891 535 1971 spatium
563 1890 677 1952 itineris
705 1892 844 1971 augebat.
888 1889 921 1952 A
948 1891 1046 1952 medio
1072 1893 1136 1953 lere
1159 1893 1234 1955 colle

212 1976 245 2037 in
267 1976 495 2057 longitudinem,
530 1984 564 2037 ut
590 1985 700 2038 natura
722 1978 833 2038 montis
854 1977 985 2052 ferebat,
1009 1996 1047 2039 ex
1068 1979 1234 2058 grandibus

170 2090 200 2128 ω
214 2063 297 2124 saxis
330 2082 384 2124 sex
416 2064 525 2142 pedum
555 2081 687 2137 murum,
709 2063 772 2143 :qui
800 2071 971 2125 nostrorum
997 2063 1142 2143 impetum
1164 2074 1233 2132 tar-

214 2150 313 2223 daret,
337 2151 560 2229 praeduxerant
582 2147 665 2210 Galli
687 2158 778 2227 atque
800 2149 940 2211 inferiore
963 2151 1044 2212 omni
1058 2151 1157 2230 spatio
1172 2172 1233 2213 va·

214 2254 267 2297 cuo
289 2235 389 2296 relicto
413 2234 597 2313 superiorem
618 2243 736 2315 partem
758 2234 842 2296 collis
864 2255 959 2316 usque
981 2236 1021 2297 ad
1044 2256 1161 2298 murum
1176 2257 1233 2318 op-

212 2321 276 2401 pidi
302 2321 489 2382 densissimis
512 2315 618 2381 castris
641 2321 871 2401 compleverant.
915 2322 1029 2384 Milites
1052 2322 1123 2384 dato
1147 2324 1232 2404 siguo

213 2406 348 2469 celeriter
380 2407 419 2467 ad
451 2407 648 2468 munitionem
680 2407 859 2486 perveniunt
892 2428 1017 2489 eamque
1050 2410 1234 2491 transgressi

171 2520 200 2559 ru
213 2494 299 2555 trinis
325 2493 434 2554 castris
456 2492 620 2572 potiuntur.
655 2491 713 2553 *Ac
734 2501 822 2557 tanta
842 2495 900 2555 fuit
920 2495 951 2555 in
974 2496 1083 2557 castris
1110 2496 1234 2577 capien-

213 2580 260 2641 dis
283 2579 435 2653 celeritas,
463 2587 498 2639 ut
520 2579 735 2651 Teutomatus
764 2600 818 2642 rex
838 2580 1055 2662 Nitiobrigum‚
1079 2583 1178 2645 subito
1201 2584 1234 2646 in

211 2665 405 2728 tabernaculo
428 2684 605 2744 oppressus,
628 2674 662 2726 ut
684 2664 807 2728 meridie
830 2668 1056 2748 conquieverat,
1080 2669 1234 2750 superiore

212 2751 344 2831 corporis
367 2761 455 2831 parte
477 2752 607 2824 nudata,
630 2751 789 2815 vulnerato
812 2774 887 2835 equo
909 2753 962 2815 vix
983 2773 1017 2816 se
1039 2771 1077 2816 ex
1093 2757 1233 2819 manibus

212 2837 423 2918 praedantium
445 2836 573 2899 militum
597 2838 732 2918 eriperet.
793 2859 796 2863 ·

169 2935 204 2988 47
277 2924 462 2986 Consecutus
478 2924 524 2998 id,
549 2925 629 3003 quod
643 2924 742 2985 animo
757 2933 970 3004 proposuerat,
994 2924 1110 2988 Caesar
1126 2947 1233 3008 recep-

168 3042 192 3080 ³1
211 3012 256 3074 tui
277 3011 344 3073 cani
365 3010 453 3073 iussit
474 3010 642 3091 legionique
666 3011 812 3084 decimae,
842 3030 968 3090 quacum
998 3022 1077 3088 erat,
1112 3017 1232 3077 contio-

211 3106 302 3161 natus
336 3097 422 3178 signa
448 3097 610 3158 constituit.
660 3095 709 3157 Ac
734 3096 917 3175 reliquarum
946 3098 1093 3178 legionum
1121 3101 1232 3163 milites

211 3205 271 3247 non
294 3184 434 3246 exaudito
458 3202 533 3244 sono
554 3185 660 3257 tubae,
683 3185 763 3265 quod
785 3182 861 3246 satis
883 3204 993 3265 magua
1014 3184 1110 3248 valles
1131 3187 1232 3250 iuter-

211 3271 350 3346 oedebat,
373 3279 476 3332 tamen
499 3270 538 3331 ab
559 3270 689 3331 tribunis
712 3270 838 3331 militum
860 3271 1042 3350 legatisque,
1069 3282 1103 3334 ut
1124 3282 1191 3335 erat
1212 3294 1233 3336 u

167 3387 195 3424 ss
210 3358 342 3420 Caesare
368 3364 575 3437 praeceptum,
604 3357 819 3418 retinebantur.
865 3355 927 3418 Sed
954 3356 1026 3419 elati
1048 3377 1102 3438 spe
1125 3359 1233 3422 celeris

209 3445 354 3507 victoriae
377 3452 407 3505 et
427 3443 560 3504 hostium
582 3445 653 3524 fuga
675 3452 706 3504 et
728 3441 914 3523 superiorum
936 3452 1105 3524 temporum
1121 3464 1233 3508 secuu-

211 3532 257 3593 dis
290 3529 412 3611 proeliis
440 3529 514 3590 nihil
542 3530 617 3590 adeo
645 3531 772 3591 arduum
794 3529 853 3590 sibi
875 3549 942 3592 esse
965 3531 1231 3608 existimaverunt,

211 3619 290 3697 quod
322 3636 383 3678 non
415 3616 528 3678 virtute
561 3616 703 3695 consequi
730 3623 870 3694 possent,
905 3634 1000 3697 neque
1026 3619 1117 3679 finem
1145 3619 1232 3699 prius

211 3704 354 3783 sequendi
374 3703 533 3775 iecerunt,
548 3721 637 3782 quam
660 3720 743 3762 muro
767 3701 869 3780 oppidi
889 3704 1043 3783 portisque
1066 3705 1232 3786 adpropin-

168 3810 197 3848 ro
211 3797 350 3870 quarunt
394 3790 472 3852 Tum
498 3807 570 3849 vero
593 3807 630 3848 ex
652 3786 788 3848 omnibus
816 3789 897 3850 urbis
919 3791 1055 3869 partibus
1078 3800 1143 3852 orto
1165 3792 1234 3854 cla-

210 3893 292 3936 more
325 3874 375 3954 qui
406 3874 523 3955 longius
551 3875 694 3947 aberant,
728 3875 883 3953 repentino
910 3877 1041 3939 tumultu
1062 3879 1234 3958 perterriti,

210 3980 276 4023 cum
297 3960 416 4023 hostem
437 3962 517 4023 intra
537 3969 643 4041 portas
666 3980 733 4023 esse
756 3960 979 4038 existimarent,
1013 3983 1079 4026 sese
1105 3983 1144 4026 ex
1171 3983 1232 4045 op-
