2616 4492
530 921 686 995 LIBER
717 920 746 993 Ι.

196 1124 299 1188 Galha
321 1134 368 1186 est
389 1123 488 1187 omnis
509 1123 609 1187 divisa
630 1123 661 1185 in
682 1131 785 1204 partes
807 1131 884 1197 tres,
907 1142 1034 1205 quarum
1054 1132 1169 1186 nnaml

128 1211 266 1273 incolunt
286 1211 412 1292 Belgae,
436 1211 526 1272 aliam
548 1209 711 1290 Aquitani,
733 1210 853 1271 tertiam
872 1209 924 1290 qui
937 1211 1071 1291 ipsorum
1085 1210 1146 1272 lin·

132 1315 192 1376 gua
214 1297 334 1373 Celtae,
363 1306 468 1359 nostra
490 1296 573 1358 Galli
594 1296 790 1375 appellantur.
839 1295 882 1358 Hi
903 1314 1005 1358 omnes
1028 1296 1145 1377 lingua,

130 1382 296 1456 institutis,
318 1383 434 1464 legibus
456 1383 534 1444 inter
555 1402 588 1443 se
610 1381 759 1443 differunt.
793 1379 899 1444 Gallos
922 1383 961 1443 ab
983 1380 1147 1461 Aquitanis

133 1468 290 1532 Garumna
316 1470 443 1543 flumen,
478 1487 497 1528 a
522 1467 624 1548 Belgis
651 1467 795 1529 Matrona
816 1476 847 1528 et
869 1465 1011 1546 Sequana
1032 1466 1147 1528 dividit

132 1554 251 1618 Horum
274 1556 404 1616 omnium
426 1553 580 1616 tortissimi
603 1561 675 1614 sunt
695 1553 822 1633 Belgae,
850 1562 1007 1632 propterea
1027 1552 1108 1633 quod
1130 1570 1190 1616 ars

134 1641 218 1701 cultu
239 1649 330 1719 atque
351 1640 539 1700 humanitate
561 1637 731 1717 provinciae
753 1637 925 1719 longissime
946 1639 1068 1711 absunt,
1090 1637 1149 1698 mi·

134 1726 274 1805 nimeque
306 1725 346 1785 ad
379 1744 431 1785 eos
459 1732 642 1785 mercatores
670 1742 761 1803 saepe
788 1733 958 1785 commeant
984 1731 1075 1804 atque
1097 1743 1149 1798 ea,

135 1831 214 1891 quae
238 1812 277 1872 ad
299 1810 513 1871 effeminandos
530 1809 646 1870 animos
661 1809 822 1888 pertinent,
845 1809 1020 1889 important,
1043 1809 1149 1890 proxi-

135 1897 237 1975 mique
260 1904 332 1957 sunt
353 1894 529 1969 Germanis,
558 1894 610 1975 qui
631 1902 716 1956 trans
737 1894 877 1956 Rhenum
898 1895 1047 1971 incolunt,
1081 1895 1150 1975 qui·

135 1982 262 2042 huscum
295 1981 481 2043 continenter
512 1980 624 2042 bellum
651 1989 764 2061 gerunt.
808 1978 879 2054 Qua
901 1983 938 2044 de
959 2000 1052 2044 causa
1071 1982 1150 2044 Hel·
1164 2004 1194 2046 ro

136 2067 211 2129 vetii
232 2086 349 2148 quoque
371 2067 499 2147 reliquos
521 2065 629 2129 Gallos
651 2067 763 2128 virtute
784 2069 979 2148 praecedunt,
1001 2068 1151 2149 quodiere

137 2153 321 2234 quotidianis
348 2152 469 2234 proeliis
497 2171 564 2214 cum
591 2151 752 2216 Germanis
779 2155 976 2227 contendunt,
1010 2173 1077 2216 cum
1099 2161 1153 2215 aut

138 2240 201 2301 suis
223 2240 331 2301 finibus
355 2258 405 2301 eos
427 2239 602 2319 prohibent,
624 2247 678 2301 aut
698 2239 756 2319 ipsi
777 2239 809 2301 in
832 2259 933 2302 eorum
955 2239 1064 2302 tinibus
1084 2239 1151 2301 bel-

137 2325 199 2388 lum
232 2333 347 2406 gerunt.
402 2325 515 2387 Eorum
547 2344 610 2386 una
641 2345 727 2405 pars,
761 2345 851 2406 quarn
885 2325 991 2389 Gallos
1018 2325 1153 2387 obtinere

138 2412 251 2474 dictum
278 2419 340 2484 est,
368 2411 484 2474 initium
507 2412 589 2491 capit
611 2431 630 2472 a
650 2412 771 2474 flumine
792 2412 958 2486 Rhodano;
985 2412 1153 2474 continetur
1166 2434 1195 2474 rs

140 2496 297 2560 Garumna
329 2497 465 2570 flumine,
503 2496 639 2571 Oceano,
677 2498 786 2560 finibus
818 2498 994 2579 Belgarum3
1032 2497 1154 2578 attingit

139 2583 230 2645 etiam
254 2585 292 2644 ab
316 2581 463 2664 Sequanis
487 2593 517 2645 et
537 2582 686 2644 Helvetiis
701 2585 810 2645 flumen
824 2584 980 2658 Rhenum;
1002 2583 1099 2664 vergit
1113 2584 1154 2645 ad

139 2669 368 2749 septentriones.
412 2669 522 2750 Belgae
550 2671 588 2730 ab
616 2670 755 2731 extremis
778 2669 897 2732 Galliae
919 2671 1028 2733 tinibus
1050 2668 1153 2731 oriun-

140 2763 201 2828 tur,
222 2755 377 2835 pertinent
398 2756 439 2816 ad
458 2755 627 2816 inferiorem
649 2765 765 2834 partem
787 2756 917 2818 fluminis
932 2755 1041 2831 Rheni,
1065 2773 1153 2835 spec-

140 2849 210 2902 tant
241 2840 273 2900 in
306 2839 540 2918 septentrionem
568 2850 599 2901 et
626 2840 770 2902 orientem
798 2841 901 2904 solem.
945 2841 1114 2922 Aquitania
1135 2859 1197 2903 aao

141 2925 300 2988 Garumna
331 2923 454 2985 flumine
480 2927 521 2987 ad
546 2924 721 3006 Pyrenaeos
748 2937 864 2989 montes
893 2935 924 2990 et
951 2935 1155 3007 campartem

142 3011 273 3085 Oceani,
306 3029 384 3091 quae
406 3017 453 3073 est
475 3011 514 3071 ad
535 3010 731 3089 Hispaniam,
759 3014 905 3092 pertinet;
938 3021 1056 3094 spectat
1077 3012 1156 3073 inter

142 3117 281 3160 occasum
304 3096 376 3158 solis
399 3106 430 3157 et
452 3095 680 3176 septentriones.

208 3183 302 3263 Apud
329 3181 486 3244 Helvetios
520 3181 606 3262 longe
634 3181 837 3244 nobilissimus
858 3184 916 3245 mit
937 3191 968 3246 et
990 3181 1155 3244 ditissimus
1181 3186 1198 3236 2
1282 3240 1286 3247 .

144 3269 314 3351 Orgetorix.
357 3269 389 3329 Is
411 3269 454 3330 M.
475 3268 611 3330 Messala
632 3277 663 3329 et
683 3268 726 3328 M.
747 3267 859 3329 Pisone
881 3268 1051 3330 consulibus
1073 3266 1198 3348 regniac

145 3357 307 3436 cupiditate
331 3356 470 3417 inductus
493 3354 726 3417 coniurationem
749 3355 914 3416 nobilitatis
935 3354 1007 3418 lecit
1029 3362 1060 3416 et
1081 3353 1157 3414 ciri-

144 3444 202 3504 tati
234 3441 401 3522 persuasit,
435 3451 470 3504 ut
503 3442 539 3504 de
570 3441 681 3502 finibus
714 3440 777 3502 suis
806 3459 872 3502 oum
900 3441 1036 3503 omnibus
1063 3439 1157 3519 copiis

145 3528 275 3607 exirent:
304 3528 444 3608 perfacile
467 3547 550 3603 esse,
573 3547 641 3590 eum
662 3528 772 3590 virtute
795 3526 931 3590 omnibus
951 3533 1156 3607 praestarent,

145 3615 238 3677 totius
266 3612 384 3676 Galbae
405 3614 529 3695 imperio
550 3614 649 3694 potiri.
692 3615 729 3675 Id
749 3613 806 3676 hoc
825 3612 942 3676 facilius
964 3613 1007 3675 eis
1028 3632 1157 3693 persna-

147 3700 201 3774 sit,
231 3701 309 3780 quod
330 3699 461 3780 undique
488 3700 545 3762 loci
571 3709 683 3761 natura
707 3698 842 3761 Helvetii
864 3699 1064 3762 continentur:
1098 3719 1201 3761 unam

147 3805 185 3847 ex
216 3795 301 3866 parte
334 3785 454 3847 flumine
485 3786 592 3850 Rheno
620 3786 766 3850 latissimo
794 3794 886 3866 atque
912 3785 1074 3861 altissimo,
1109 3784 1159 3866 qui

148 3891 252 3953 agrum
283 3871 457 3934 Helvetium
490 3892 510 3934 a
542 3871 702 3936 Germanis
731 3872 853 3946 dividit;
886 3873 983 3936 altera
1009 3891 1047 3935 ex
1073 3880 1159 3953 parte

992 3973 1008 4036 1
