<?xml version="1.0" encoding="UTF-8"?>
<!DOCTYPE html PUBLIC "-//W3C//DTD XHTML 1.0 Transitional//EN"
    "http://www.w3.org/TR/xhtml1/DTD/xhtml1-transitional.dtd">
<html xmlns="http://www.w3.org/1999/xhtml" xml:lang="en" lang="en">
 <head>
  <title>
</title>
<meta http-equiv="Content-Type" content="text/html;charset=utf-8" />
  <meta name='ocr-system' content='tesseract 3.04.00' />
  <meta name='ocr-capabilities' content='ocr_page ocr_carea ocr_par ocr_line ocrx_word'/>
</head>
<body>
  <div class='ocr_page' id='page_1' title='image "./debellogallicol00friggoog_0119.png"; bbox 0 0 2616 4492; ppageno 0'>
   <div class='ocr_carea' id='block_1_1' title="bbox 218 255 908 325">
    <p class='ocr_par' dir='ltr' id='par_1_1' title="bbox 218 255 908 325">
     <span class='ocr_line' id='line_1_1' title="bbox 218 255 908 325; baseline 0.007 -6"><span class='ocrx_word' id='word_1_1' title='bbox 218 255 260 320; x_wconf 83' lang='grc'><strong>96</strong></span> <span class='ocrx_word' id='word_1_2' title='bbox 545 272 593 319; x_wconf 83' lang='lat' dir='ltr'><strong>na</strong></span> <span class='ocrx_word' id='word_1_3' title='bbox 615 274 731 323; x_wconf 82' lang='lat' dir='ltr'><strong>anuto</strong></span> <span class='ocrx_word' id='word_1_4' title='bbox 754 275 908 325; x_wconf 67' lang='lat' dir='ltr'><strong>omniuo</strong></span> 
     </span>
    </p>
   </div>
   <div class='ocr_carea' id='block_1_2' title="bbox 176 409 1299 4031">
    <p class='ocr_par' dir='ltr' id='par_1_2' title="bbox 176 409 1299 4031">
     <span class='ocr_line' id='line_1_2' title="bbox 218 409 1238 495; baseline -0.003 -18"><span class='ocrx_word' id='word_1_5' title='bbox 218 422 375 494; x_wconf 77' lang='lat' dir='ltr'>cogerent,</span> <span class='ocrx_word' id='word_1_6' title='bbox 408 409 483 472; x_wconf 88' lang='lat' dir='ltr'>nihil</span> <span class='ocrx_word' id='word_1_7' title='bbox 510 431 543 473; x_wconf 86' lang='lat' dir='ltr'><strong>se</strong></span> <span class='ocrx_word' id='word_1_8' title='bbox 570 422 677 477; x_wconf 87' lang='lat' dir='ltr'><strong>contra</strong></span> <span class='ocrx_word' id='word_1_9' title='bbox 704 413 862 495; x_wconf 82' lang='lat' dir='ltr'><strong>Sequanos</strong></span> <span class='ocrx_word' id='word_1_10' title='bbox 890 412 1007 477; x_wconf 87' lang='lat' dir='ltr'><strong>consilii</strong></span> <span class='ocrx_word' id='word_1_11' title='bbox 1033 413 1176 486; x_wconf 88' lang='lat' dir='ltr'><strong>inituros,</strong></span> <span class='ocrx_word' id='word_1_12' title='bbox 1206 421 1238 475; x_wconf 90' lang='lat' dir='ltr'><strong>et</strong></span> 
     </span>
     <span class='ocr_line' id='line_1_3' title="bbox 217 497 1237 583; baseline -0.003 -20"><span class='ocrx_word' id='word_1_13' title='bbox 217 511 335 583; x_wconf 90' lang='lat' dir='ltr'><strong>partem</strong></span> <span class='ocrx_word' id='word_1_14' title='bbox 358 497 476 560; x_wconf 90' lang='lat' dir='ltr'><strong>finitimi</strong></span> <span class='ocrx_word' id='word_1_15' title='bbox 499 499 563 579; x_wconf 86' lang='lat' dir='ltr'><strong>agri</strong></span> <span class='ocrx_word' id='word_1_16' title='bbox 584 503 722 579; x_wconf 87' lang='lat' dir='ltr'><strong>pervim</strong></span> <span class='ocrx_word' id='word_1_17' title='bbox 745 511 921 582; x_wconf 80' lang='lat' dir='ltr'><strong>occupatam</strong></span> <span class='ocrx_word' id='word_1_18' title='bbox 943 500 1133 581; x_wconf 80' lang='lat' dir='ltr'><strong>possiderent</strong></span> <span class='ocrx_word' id='word_1_19' title='bbox 1155 498 1237 561; x_wconf 89' lang='lat' dir='ltr'><strong>Gal-</strong></span> 
     </span>
     <span class='ocr_line' id='line_1_4' title="bbox 218 585 1238 666; baseline -0.004 -16"><span class='ocrx_word' id='word_1_20' title='bbox 218 589 334 666; x_wconf 89' lang='lat' dir='ltr'><strong>liaeque</strong></span> <span class='ocrx_word' id='word_1_21' title='bbox 367 586 458 646; x_wconf 89' lang='lat' dir='ltr'><strong>totius</strong></span> <span class='ocrx_word' id='word_1_22' title='bbox 492 586 693 665; x_wconf 81' lang='lat' dir='ltr'><strong>principatum</strong></span> <span class='ocrx_word' id='word_1_23' title='bbox 729 589 906 650; x_wconf 82' lang='lat' dir='ltr'><strong>obtinerent.</strong></span> <span class='ocrx_word' id='word_1_24' title='bbox 957 585 1028 656; x_wconf 84' lang='lat' dir='ltr'><strong>Qua</strong></span> <span class='ocrx_word' id='word_1_25' title='bbox 1054 586 1238 648; x_wconf 79' lang='lat' dir='ltr'><strong>necessitate</strong></span> 
     </span>
     <span class='ocr_line' id='line_1_5' title="bbox 219 670 1237 754; baseline -0.005 -17"><span class='ocrx_word' id='word_1_26' title='bbox 219 676 365 737; x_wconf 90' lang='lat' dir='ltr'><strong>adductus</strong></span> <span class='ocrx_word' id='word_1_27' title='bbox 393 670 561 732; x_wconf 88' lang='lat' dir='ltr'><strong>Divitiaous</strong></span> <span class='ocrx_word' id='word_1_28' title='bbox 588 674 692 734; x_wconf 88' lang='lat' dir='ltr'><strong>auxilii</strong></span> <span class='ocrx_word' id='word_1_29' title='bbox 713 674 836 754; x_wconf 91' lang='lat' dir='ltr'><strong>petendi</strong></span> <span class='ocrx_word' id='word_1_30' title='bbox 858 694 951 735; x_wconf 87' lang='lat' dir='ltr'><strong>causa</strong></span> <span class='ocrx_word' id='word_1_31' title='bbox 971 673 1101 734; x_wconf 87' lang='lat' dir='ltr'><strong>Romam</strong></span> <span class='ocrx_word' id='word_1_32' title='bbox 1123 674 1163 733; x_wconf 88' lang='lat' dir='ltr'><strong>ad</strong></span> <span class='ocrx_word' id='word_1_33' title='bbox 1185 691 1237 733; x_wconf 86' lang='lat' dir='ltr'><strong>se-</strong></span> 
     </span>
     <span class='ocr_line' id='line_1_6' title="bbox 190 757 1236 837; baseline -0.002 -14"><span class='ocrx_word' id='word_1_34' title='bbox 190 770 324 823; x_wconf 83' lang='lat' dir='ltr'><strong>onatum</strong></span> <span class='ocrx_word' id='word_1_35' title='bbox 357 760 507 837; x_wconf 84' lang='lat' dir='ltr'><strong>proiectus</strong></span> <span class='ocrx_word' id='word_1_36' title='bbox 540 758 714 837; x_wconf 73' lang='lat' dir='ltr'><strong>imperfecta</strong></span> <span class='ocrx_word' id='word_1_37' title='bbox 741 780 774 822; x_wconf 87' lang='lat' dir='ltr'><strong>re</strong></span> <span class='ocrx_word' id='word_1_38' title='bbox 801 761 941 822; x_wconf 86' lang='lat' dir='ltr'><strong>redierat</strong></span> <span class='ocrx_word' id='word_1_39' title='bbox 985 759 1132 821; x_wconf 89' lang='lat' dir='ltr'><strong>Adventu</strong></span> <span class='ocrx_word' id='word_1_40' title='bbox 1154 757 1236 821; x_wconf 87' lang='lat' dir='ltr'><strong>Cae-</strong></span> 
     </span>
     <span class='ocr_line' id='line_1_7' title="bbox 219 845 1237 910; baseline -0.004 0"><span class='ocrx_word' id='word_1_41' title='bbox 219 847 298 910; x_wconf 87' lang='lat' dir='ltr'><strong>saris</strong></span> <span class='ocrx_word' id='word_1_42' title='bbox 325 846 407 906; x_wconf 85' lang='lat' dir='ltr'><strong>facta</strong></span> <span class='ocrx_word' id='word_1_43' title='bbox 434 846 668 908; x_wconf 89' lang='lat' dir='ltr'><strong>commutatione</strong></span> <span class='ocrx_word' id='word_1_44' title='bbox 695 866 794 908; x_wconf 91' lang='lat' dir='ltr'><strong>rerum</strong></span> <span class='ocrx_word' id='word_1_45' title='bbox 817 847 971 908; x_wconf 90' lang='lat' dir='ltr'><strong>obsidibus</strong></span> <span class='ocrx_word' id='word_1_46' title='bbox 993 845 1110 907; x_wconf 89' lang='lat' dir='ltr'><strong>Aeduis</strong></span> <span class='ocrx_word' id='word_1_47' title='bbox 1133 845 1237 906; x_wconf 90' lang='lat' dir='ltr'><strong>reddi-</strong></span> 
     </span>
     <span class='ocr_line' id='line_1_8' title="bbox 219 930 1236 1011; baseline -0.005 -14"><span class='ocrx_word' id='word_1_48' title='bbox 219 935 274 1005; x_wconf 85' lang='lat' dir='ltr'><strong>tis,</strong></span> <span class='ocrx_word' id='word_1_49' title='bbox 307 931 457 992; x_wconf 84' lang='lat' dir='ltr'><strong>veteribus</strong></span> <span class='ocrx_word' id='word_1_50' title='bbox 491 930 637 994; x_wconf 88' lang='lat' dir='ltr'><strong>clientelis</strong></span> <span class='ocrx_word' id='word_1_51' title='bbox 670 933 834 1007; x_wconf 87' lang='lat' dir='ltr'><strong>restitutis,</strong></span> <span class='ocrx_word' id='word_1_52' title='bbox 868 933 955 993; x_wconf 87' lang='lat' dir='ltr'><strong>novis</strong></span> <span class='ocrx_word' id='word_1_53' title='bbox 989 951 1042 1011; x_wconf 91' lang='lat' dir='ltr'><strong>per</strong></span> <span class='ocrx_word' id='word_1_54' title='bbox 1074 931 1236 993; x_wconf 82' lang='lat' dir='ltr'><strong>Caesarem</strong></span> 
     </span>
     <span class='ocr_line' id='line_1_9' title="bbox 221 1017 1299 1098; baseline -0.004 -18"><span class='ocrx_word' id='word_1_55' title='bbox 221 1017 419 1097; x_wconf 90' lang='lat' dir='ltr'><strong>comparatis,</strong></span> <span class='ocrx_word' id='word_1_56' title='bbox 449 1018 528 1097; x_wconf 93' lang='lat' dir='ltr'><strong>quod</strong></span> <span class='ocrx_word' id='word_1_57' title='bbox 553 1017 590 1089; x_wconf 93' lang='lat' dir='ltr'><strong>ii,</strong></span> <span class='ocrx_word' id='word_1_58' title='bbox 620 1019 670 1098; x_wconf 92' lang='lat' dir='ltr'><strong>qui</strong></span> <span class='ocrx_word' id='word_1_59' title='bbox 698 1038 730 1080; x_wconf 91' lang='lat' dir='ltr'><strong>se</strong></span> <span class='ocrx_word' id='word_1_60' title='bbox 753 1021 792 1081; x_wconf 97' lang='lat' dir='ltr'><strong>ad</strong></span> <span class='ocrx_word' id='word_1_61' title='bbox 815 1039 917 1080; x_wconf 89' lang='lat' dir='ltr'><strong>eorum</strong></span> <span class='ocrx_word' id='word_1_62' title='bbox 940 1017 1103 1079; x_wconf 88' lang='lat' dir='ltr'><strong>amicitiam</strong></span> <span class='ocrx_word' id='word_1_63' title='bbox 1125 1019 1237 1097; x_wconf 88' lang='lat' dir='ltr'><strong>adgre-</strong></span> <span class='ocrx_word' id='word_1_64' title='bbox 1291 1065 1299 1076; x_wconf 92' lang='lat'>.</span> 
     </span>
     <span class='ocr_line' id='line_1_10' title="bbox 222 1102 1237 1188; baseline -0.003 -21"><span class='ocrx_word' id='word_1_65' title='bbox 222 1112 381 1188; x_wconf 85' lang='lat' dir='ltr'><strong>gaverant,</strong></span> <span class='ocrx_word' id='word_1_66' title='bbox 415 1102 538 1164; x_wconf 90' lang='lat' dir='ltr'><strong>meliore</strong></span> <span class='ocrx_word' id='word_1_67' title='bbox 571 1105 744 1166; x_wconf 90' lang='lat' dir='ltr'><strong>condicione</strong></span> <span class='ocrx_word' id='word_1_68' title='bbox 772 1114 862 1186; x_wconf 92' lang='lat' dir='ltr'><strong>atque</strong></span> <span class='ocrx_word' id='word_1_69' title='bbox 890 1105 1030 1184; x_wconf 88' lang='lat' dir='ltr'><strong>aequiore</strong></span> <span class='ocrx_word' id='word_1_70' title='bbox 1056 1103 1182 1183; x_wconf 92' lang='lat' dir='ltr'><strong>imperio</strong></span> <span class='ocrx_word' id='word_1_71' title='bbox 1205 1123 1237 1164; x_wconf 92' lang='lat' dir='ltr'><strong>se</strong></span> 
     </span>
     <span class='ocr_line' id='line_1_11' title="bbox 176 1189 1237 1272; baseline -0.006 -16"><span class='ocrx_word' id='word_1_72' title='bbox 176 1217 205 1256; x_wconf 80' lang='lat' dir='ltr'><strong>ro</strong></span> <span class='ocrx_word' id='word_1_73' title='bbox 219 1192 264 1254; x_wconf 91' lang='lat' dir='ltr'><strong>uti</strong></span> <span class='ocrx_word' id='word_1_74' title='bbox 286 1190 443 1262; x_wconf 85' lang='lat' dir='ltr'><strong>videbant,</strong></span> <span class='ocrx_word' id='word_1_75' title='bbox 467 1189 587 1269; x_wconf 86' lang='lat' dir='ltr'><strong>reliquis</strong></span> <span class='ocrx_word' id='word_1_76' title='bbox 609 1193 698 1253; x_wconf 91' lang='lat' dir='ltr'><strong>rebus</strong></span> <span class='ocrx_word' id='word_1_77' title='bbox 722 1196 822 1253; x_wconf 89' lang='lat' dir='ltr'><strong>eorum</strong></span> <span class='ocrx_word' id='word_1_78' title='bbox 838 1191 936 1272; x_wconf 86' lang='lat' dir='ltr'><strong>gratia</strong></span> <span class='ocrx_word' id='word_1_79' title='bbox 950 1190 1153 1271; x_wconf 81' lang='lat' dir='ltr'><strong>dignitateque</strong></span> <span class='ocrx_word' id='word_1_80' title='bbox 1168 1209 1237 1251; x_wconf 85' lang='lat' dir='ltr'><strong>aur-</strong></span> 
     </span>
     <span class='ocr_line' id='line_1_12' title="bbox 220 1275 1238 1360; baseline -0.003 -21"><span class='ocrx_word' id='word_1_81' title='bbox 220 1278 355 1360; x_wconf 87' lang='lat' dir='ltr'><strong>plificata</strong></span> <span class='ocrx_word' id='word_1_82' title='bbox 383 1275 514 1356; x_wconf 89' lang='lat' dir='ltr'><strong>Sequani</strong></span> <span class='ocrx_word' id='word_1_83' title='bbox 541 1276 742 1357; x_wconf 84' lang='lat' dir='ltr'><strong>principatum</strong></span> <span class='ocrx_word' id='word_1_84' title='bbox 772 1279 956 1340; x_wconf 86' lang='lat' dir='ltr'><strong>dimiserant.</strong></span> <span class='ocrx_word' id='word_1_85' title='bbox 1005 1276 1042 1336; x_wconf 92' lang='lat' dir='ltr'><strong>Iu</strong></span> <span class='ocrx_word' id='word_1_86' title='bbox 1065 1295 1168 1337; x_wconf 91' lang='lat' dir='ltr'><strong>eorum</strong></span> <span class='ocrx_word' id='word_1_87' title='bbox 1190 1276 1238 1337; x_wconf 87' lang='lat' dir='ltr'><strong>lo·</strong></span> 
     </span>
     <span class='ocr_line' id='line_1_13' title="bbox 220 1361 1238 1444; baseline -0.002 -18"><span class='ocrx_word' id='word_1_88' title='bbox 220 1383 287 1427; x_wconf 92' lang='lat' dir='ltr'><strong>cum</strong></span> <span class='ocrx_word' id='word_1_89' title='bbox 309 1362 397 1424; x_wconf 88' lang='lat' dir='ltr'><strong>Remi</strong></span> <span class='ocrx_word' id='word_1_90' title='bbox 419 1373 640 1437; x_wconf 85' lang='lat' dir='ltr'><strong>successerant3</strong></span> <span class='ocrx_word' id='word_1_91' title='bbox 664 1383 738 1444; x_wconf 89' lang='lat' dir='ltr'><strong>quos</strong></span> <span class='ocrx_word' id='word_1_92' title='bbox 761 1366 842 1444; x_wconf 93' lang='lat' dir='ltr'><strong>quod</strong></span> <span class='ocrx_word' id='word_1_93' title='bbox 863 1365 1033 1443; x_wconf 89' lang='lat' dir='ltr'><strong>adaequare</strong></span> <span class='ocrx_word' id='word_1_94' title='bbox 1055 1363 1136 1441; x_wconf 89' lang='lat' dir='ltr'><strong>apud</strong></span> <span class='ocrx_word' id='word_1_95' title='bbox 1156 1361 1238 1424; x_wconf 82' lang='lat' dir='ltr'><strong>Cae-</strong></span> 
     </span>
     <span class='ocr_line' id='line_1_14' title="bbox 220 1447 1238 1530; baseline -0.003 -17"><span class='ocrx_word' id='word_1_96' title='bbox 220 1468 319 1513; x_wconf 84' lang='lat' dir='ltr'><strong>sarem</strong></span> <span class='ocrx_word' id='word_1_97' title='bbox 347 1447 444 1528; x_wconf 89' lang='lat' dir='ltr'><strong>gratia</strong></span> <span class='ocrx_word' id='word_1_98' title='bbox 469 1447 709 1529; x_wconf 81' lang='lat' dir='ltr'><strong>intellegebatur,</strong></span> <span class='ocrx_word' id='word_1_99' title='bbox 737 1450 774 1522; x_wconf 87' lang='lat' dir='ltr'><strong>ii,</strong></span> <span class='ocrx_word' id='word_1_100' title='bbox 809 1449 859 1530; x_wconf 90' lang='lat' dir='ltr'><strong>qui</strong></span> <span class='ocrx_word' id='word_1_101' title='bbox 886 1459 1009 1529; x_wconf 90' lang='lat' dir='ltr'><strong>propter</strong></span> <span class='ocrx_word' id='word_1_102' title='bbox 1035 1457 1154 1510; x_wconf 85' lang='lat' dir='ltr'><strong>vetares</strong></span> <span class='ocrx_word' id='word_1_103' title='bbox 1176 1448 1238 1510; x_wconf 87' lang='lat' dir='ltr'><strong>ini-</strong></span> 
     </span>
     <span class='ocr_line' id='line_1_15' title="bbox 220 1533 1238 1614; baseline -0.002 -16"><span class='ocrx_word' id='word_1_104' title='bbox 220 1536 349 1599; x_wconf 87' lang='lat' dir='ltr'><strong>micitias</strong></span> <span class='ocrx_word' id='word_1_105' title='bbox 382 1533 465 1595; x_wconf 92' lang='lat' dir='ltr'><strong>nullo</strong></span> <span class='ocrx_word' id='word_1_106' title='bbox 493 1536 581 1609; x_wconf 85' lang='lat' dir='ltr'><strong>modo</strong></span> <span class='ocrx_word' id='word_1_107' title='bbox 609 1555 675 1597; x_wconf 91' lang='lat' dir='ltr'><strong>curn</strong></span> <span class='ocrx_word' id='word_1_108' title='bbox 702 1536 819 1598; x_wconf 91' lang='lat' dir='ltr'><strong>Aeduis</strong></span> <span class='ocrx_word' id='word_1_109' title='bbox 848 1535 986 1614; x_wconf 87' lang='lat' dir='ltr'><strong>coniungi</strong></span> <span class='ocrx_word' id='word_1_110' title='bbox 1013 1542 1170 1614; x_wconf 89' lang='lat' dir='ltr'><strong>poteraut,</strong></span> <span class='ocrx_word' id='word_1_111' title='bbox 1205 1555 1238 1596; x_wconf 91' lang='lat' dir='ltr'><strong>se</strong></span> 
     </span>
     <span class='ocr_line' id='line_1_16' title="bbox 177 1619 1239 1701; baseline -0.004 -14"><span class='ocrx_word' id='word_1_112' title='bbox 177 1648 206 1687; x_wconf 83' lang='lat' dir='ltr'><strong>rs</strong></span> <span class='ocrx_word' id='word_1_113' title='bbox 221 1623 324 1686; x_wconf 87' lang='lat' dir='ltr'><strong>Remis</strong></span> <span class='ocrx_word' id='word_1_114' title='bbox 357 1621 389 1681; x_wconf 93' lang='lat' dir='ltr'><strong>in</strong></span> <span class='ocrx_word' id='word_1_115' title='bbox 424 1619 594 1681; x_wconf 89' lang='lat' dir='ltr'><strong>clientelam</strong></span> <span class='ocrx_word' id='word_1_116' title='bbox 627 1622 777 1684; x_wconf 90' lang='lat' dir='ltr'><strong>dicabant.</strong></span> <span class='ocrx_word' id='word_1_117' title='bbox 832 1623 898 1684; x_wconf 89' lang='lat' dir='ltr'><strong>Hos</strong></span> <span class='ocrx_word' id='word_1_118' title='bbox 926 1622 970 1682; x_wconf 91' lang='lat' dir='ltr'><strong>illi</strong></span> <span class='ocrx_word' id='word_1_119' title='bbox 991 1620 1148 1701; x_wconf 86' lang='lat' dir='ltr'><strong>diligenter</strong></span> <span class='ocrx_word' id='word_1_120' title='bbox 1169 1631 1239 1683; x_wconf 86' lang='lat' dir='ltr'><strong>tue-</strong></span> 
     </span>
     <span class='ocr_line' id='line_1_17' title="bbox 219 1707 1238 1789; baseline -0.002 -18"><span class='ocrx_word' id='word_1_121' title='bbox 219 1711 339 1772; x_wconf 89' lang='lat' dir='ltr'><strong>bantur.</strong></span> <span class='ocrx_word' id='word_1_122' title='bbox 382 1707 432 1768; x_wconf 89' lang='lat' dir='ltr'><strong>Ita</strong></span> <span class='ocrx_word' id='word_1_123' title='bbox 460 1715 491 1767; x_wconf 89' lang='lat' dir='ltr'><strong>et</strong></span> <span class='ocrx_word' id='word_1_124' title='bbox 516 1725 625 1768; x_wconf 88' lang='lat' dir='ltr'><strong>novam</strong></span> <span class='ocrx_word' id='word_1_125' title='bbox 653 1717 683 1769; x_wconf 93' lang='lat' dir='ltr'><strong>et</strong></span> <span class='ocrx_word' id='word_1_126' title='bbox 704 1718 827 1789; x_wconf 89' lang='lat' dir='ltr'><strong>repente</strong></span> <span class='ocrx_word' id='word_1_127' title='bbox 850 1708 1004 1770; x_wconf 87' lang='lat' dir='ltr'><strong>collectam</strong></span> <span class='ocrx_word' id='word_1_128' title='bbox 1027 1707 1238 1769; x_wconf 86' lang='lat' dir='ltr'><strong>auctoritatem</strong></span> 
     </span>
     <span class='ocr_line' id='line_1_18' title="bbox 221 1793 1239 1873; baseline -0.002 -15"><span class='ocrx_word' id='word_1_129' title='bbox 221 1796 374 1858; x_wconf 88' lang='lat' dir='ltr'><strong>tenebant.</strong></span> <span class='ocrx_word' id='word_1_130' title='bbox 424 1793 470 1853; x_wconf 82' lang='lat' dir='ltr'><strong>Eo</strong></span> <span class='ocrx_word' id='word_1_131' title='bbox 503 1802 567 1854; x_wconf 90' lang='lat' dir='ltr'><strong>tum</strong></span> <span class='ocrx_word' id='word_1_132' title='bbox 601 1804 685 1856; x_wconf 87' lang='lat' dir='ltr'><strong>statu</strong></span> <span class='ocrx_word' id='word_1_133' title='bbox 719 1815 765 1856; x_wconf 89' lang='lat' dir='ltr'><strong>res</strong></span> <span class='ocrx_word' id='word_1_134' title='bbox 800 1803 878 1867; x_wconf 88' lang='lat' dir='ltr'><strong>erat,</strong></span> <span class='ocrx_word' id='word_1_135' title='bbox 912 1803 946 1856; x_wconf 93' lang='lat' dir='ltr'><strong>ut</strong></span> <span class='ocrx_word' id='word_1_136' title='bbox 972 1793 1060 1873; x_wconf 86' lang='lat' dir='ltr'><strong>longe</strong></span> <span class='ocrx_word' id='word_1_137' title='bbox 1087 1793 1239 1873; x_wconf 90' lang='lat' dir='ltr'><strong>principes</strong></span> 
     </span>
     <span class='ocr_line' id='line_1_19' title="bbox 220 1879 1239 1961; baseline -0.001 -18"><span class='ocrx_word' id='word_1_138' title='bbox 220 1883 403 1943; x_wconf 90' lang='lat' dir='ltr'><strong>haberentur</strong></span> <span class='ocrx_word' id='word_1_139' title='bbox 424 1879 542 1955; x_wconf 91' lang='lat' dir='ltr'><strong>Aedui,</strong></span> <span class='ocrx_word' id='word_1_140' title='bbox 560 1883 739 1944; x_wconf 76' lang='lat' dir='ltr'><strong>,secundum</strong></span> <span class='ocrx_word' id='word_1_141' title='bbox 766 1883 864 1944; x_wconf 90' lang='lat' dir='ltr'><strong>locum</strong></span> <span class='ocrx_word' id='word_1_142' title='bbox 887 1880 1043 1961; x_wconf 87' lang='lat' dir='ltr'><strong>dignitatis</strong></span> <span class='ocrx_word' id='word_1_143' title='bbox 1065 1879 1156 1942; x_wconf 89' lang='lat' dir='ltr'><strong>Remi</strong></span> <span class='ocrx_word' id='word_1_144' title='bbox 1181 1882 1239 1942; x_wconf 90' lang='lat' dir='ltr'><strong>ob-</strong></span> 
     </span>
     <span class='ocr_line' id='line_1_20' title="bbox 220 1969 360 2030; baseline -0.029 0"><span class='ocrx_word' id='word_1_145' title='bbox 220 1969 360 2030; x_wconf 90' lang='lat' dir='ltr'><strong>tinerent.</strong></span> 
     </span>
     <span class='ocr_line' id='line_1_21' title="bbox 178 2051 1240 2133; baseline 0.003 -21"><span class='ocrx_word' id='word_1_146' title='bbox 178 2060 212 2112; x_wconf 78' lang='lat'><strong>13</strong></span> <span class='ocrx_word' id='word_1_147' title='bbox 284 2054 320 2114; x_wconf 92' lang='lat' dir='ltr'><strong>In</strong></span> <span class='ocrx_word' id='word_1_148' title='bbox 344 2052 424 2114; x_wconf 93' lang='lat' dir='ltr'><strong>omni</strong></span> <span class='ocrx_word' id='word_1_149' title='bbox 447 2051 550 2114; x_wconf 91' lang='lat' dir='ltr'><strong>Gallia</strong></span> <span class='ocrx_word' id='word_1_150' title='bbox 572 2071 675 2114; x_wconf 91' lang='lat' dir='ltr'><strong>eornm</strong></span> <span class='ocrx_word' id='word_1_151' title='bbox 696 2053 866 2126; x_wconf 91' lang='lat' dir='ltr'><strong>hominum,</strong></span> <span class='ocrx_word' id='word_1_152' title='bbox 890 2051 941 2133; x_wconf 88' lang='lat' dir='ltr'><strong>qui</strong></span> <span class='ocrx_word' id='word_1_153' title='bbox 964 2053 1064 2133; x_wconf 87' lang='lat' dir='ltr'><strong>aliquo</strong></span> <span class='ocrx_word' id='word_1_154' title='bbox 1087 2059 1159 2113; x_wconf 91' lang='lat' dir='ltr'><strong>sunt</strong></span> <span class='ocrx_word' id='word_1_155' title='bbox 1180 2070 1240 2115; x_wconf 86' lang='lat' dir='ltr'><strong>uu-</strong></span> 
     </span>
     <span class='ocr_line' id='line_1_22' title="bbox 176 2137 1240 2219; baseline -0.004 -15"><span class='ocrx_word' id='word_1_156' title='bbox 176 2167 202 2204; x_wconf 73' lang='grc' dir='ltr'><strong>οι</strong></span> <span class='ocrx_word' id='word_1_157' title='bbox 222 2159 305 2202; x_wconf 91' lang='lat' dir='ltr'><strong>mero</strong></span> <span class='ocrx_word' id='word_1_158' title='bbox 329 2148 418 2218; x_wconf 90' lang='lat' dir='ltr'><strong>atque</strong></span> <span class='ocrx_word' id='word_1_159' title='bbox 440 2139 569 2212; x_wconf 92' lang='lat' dir='ltr'><strong>honore,</strong></span> <span class='ocrx_word' id='word_1_160' title='bbox 594 2158 704 2219; x_wconf 87' lang='lat' dir='ltr'><strong>genera</strong></span> <span class='ocrx_word' id='word_1_161' title='bbox 726 2149 797 2200; x_wconf 91' lang='lat' dir='ltr'><strong>sunt</strong></span> <span class='ocrx_word' id='word_1_162' title='bbox 820 2140 887 2200; x_wconf 91' lang='lat' dir='ltr'><strong>duo.</strong></span> <span class='ocrx_word' id='word_1_163' title='bbox 921 2137 1000 2200; x_wconf 86' lang='lat' dir='ltr'><strong>Nam</strong></span> <span class='ocrx_word' id='word_1_164' title='bbox 1022 2137 1127 2218; x_wconf 85' lang='lat' dir='ltr'><strong>plebes</strong></span> <span class='ocrx_word' id='word_1_165' title='bbox 1142 2158 1240 2218; x_wconf 84' lang='lat' dir='ltr'><strong>paene</strong></span> 
     </span>
     <span class='ocr_line' id='line_1_23' title="bbox 221 2224 1240 2304; baseline -0.004 -14"><span class='ocrx_word' id='word_1_166' title='bbox 221 2245 374 2290; x_wconf 89' lang='lat' dir='ltr'><strong>servorum</strong></span> <span class='ocrx_word' id='word_1_167' title='bbox 407 2225 536 2286; x_wconf 89' lang='lat' dir='ltr'><strong>habetur</strong></span> <span class='ocrx_word' id='word_1_168' title='bbox 563 2225 642 2299; x_wconf 91' lang='lat' dir='ltr'><strong>loco,</strong></span> <span class='ocrx_word' id='word_1_169' title='bbox 677 2244 754 2304; x_wconf 91' lang='lat' dir='ltr'><strong>quae</strong></span> <span class='ocrx_word' id='word_1_170' title='bbox 781 2225 856 2285; x_wconf 93' lang='lat' dir='ltr'><strong>nihil</strong></span> <span class='ocrx_word' id='word_1_171' title='bbox 882 2225 976 2286; x_wconf 92' lang='lat' dir='ltr'><strong>habet</strong></span> <span class='ocrx_word' id='word_1_172' title='bbox 997 2245 1052 2304; x_wconf 92' lang='lat' dir='ltr'><strong>per</strong></span> <span class='ocrx_word' id='word_1_173' title='bbox 1074 2245 1123 2297; x_wconf 88' lang='lat' dir='ltr'><strong>se,</strong></span> <span class='ocrx_word' id='word_1_174' title='bbox 1158 2224 1240 2287; x_wconf 89' lang='lat' dir='ltr'><strong>nullo</strong></span> 
     </span>
     <span class='ocr_line' id='line_1_24' title="bbox 222 2309 1242 2391; baseline -0.003 -16"><span class='ocrx_word' id='word_1_175' title='bbox 222 2313 381 2375; x_wconf 91' lang='lat' dir='ltr'><strong>adhibetur</strong></span> <span class='ocrx_word' id='word_1_176' title='bbox 413 2311 546 2372; x_wconf 92' lang='lat' dir='ltr'><strong>consilio.</strong></span> <span class='ocrx_word' id='word_1_177' title='bbox 601 2311 757 2391; x_wconf 89' lang='lat' dir='ltr'><strong>Plerique,</strong></span> <span class='ocrx_word' id='word_1_178' title='bbox 792 2330 860 2371; x_wconf 89' lang='lat' dir='ltr'><strong>cum</strong></span> <span class='ocrx_word' id='word_1_179' title='bbox 889 2317 942 2371; x_wconf 87' lang='lat' dir='ltr'><strong>aut</strong></span> <span class='ocrx_word' id='word_1_180' title='bbox 969 2309 1038 2372; x_wconf 84' lang='lat' dir='ltr'><strong>aere</strong></span> <span class='ocrx_word' id='word_1_181' title='bbox 1066 2312 1165 2373; x_wconf 86' lang='lat' dir='ltr'><strong>alieno</strong></span> <span class='ocrx_word' id='word_1_182' title='bbox 1188 2319 1242 2373; x_wconf 91' lang='lat' dir='ltr'><strong>aut</strong></span> 
     </span>
     <span class='ocr_line' id='line_1_25' title="bbox 221 2397 1242 2480; baseline -0.003 -18"><span class='ocrx_word' id='word_1_183' title='bbox 221 2397 427 2480; x_wconf 85' lang='lat' dir='ltr'><strong>magnitudine</strong></span> <span class='ocrx_word' id='word_1_184' title='bbox 455 2398 633 2458; x_wconf 86' lang='lat' dir='ltr'><strong>tributorum</strong></span> <span class='ocrx_word' id='word_1_185' title='bbox 661 2408 714 2475; x_wconf 89' lang='lat' dir='ltr'><strong>aut</strong></span> <span class='ocrx_word' id='word_1_186' title='bbox 740 2397 856 2466; x_wconf 75' lang='lat' dir='ltr'><strong>iniuria¹</strong></span> <span class='ocrx_word' id='word_1_187' title='bbox 872 2398 1074 2476; x_wconf 91' lang='lat' dir='ltr'><strong>potentiorum</strong></span> <span class='ocrx_word' id='word_1_188' title='bbox 1096 2416 1242 2476; x_wconf 90' lang='lat' dir='ltr'><strong>premun-</strong></span> 
     </span>
     <span class='ocr_line' id='line_1_26' title="bbox 177 2482 1241 2560; baseline -0.005 -10"><span class='ocrx_word' id='word_1_189' title='bbox 177 2511 206 2551; x_wconf 73' lang='grc' dir='ltr'><strong>ιο</strong></span> <span class='ocrx_word' id='word_1_190' title='bbox 221 2495 280 2560; x_wconf 90' lang='lat' dir='ltr'><strong>tur,</strong></span> <span class='ocrx_word' id='word_1_191' title='bbox 315 2503 381 2546; x_wconf 87' lang='lat' dir='ltr'><strong>sese</strong></span> <span class='ocrx_word' id='word_1_192' title='bbox 409 2484 441 2544; x_wconf 93' lang='lat' dir='ltr'><strong>in</strong></span> <span class='ocrx_word' id='word_1_193' title='bbox 467 2484 641 2545; x_wconf 85' lang='lat' dir='ltr'><strong>servitutem</strong></span> <span class='ocrx_word' id='word_1_194' title='bbox 665 2484 769 2545; x_wconf 89' lang='lat' dir='ltr'><strong>dicant</strong></span> <span class='ocrx_word' id='word_1_195' title='bbox 791 2482 949 2544; x_wconf 87' lang='lat' dir='ltr'><strong>nobilibus.</strong></span> <span class='ocrx_word' id='word_1_196' title='bbox 999 2483 1034 2545; x_wconf 93' lang='lat' dir='ltr'><strong>In</strong></span> <span class='ocrx_word' id='word_1_197' title='bbox 1056 2484 1112 2546; x_wconf 85' lang='lat' dir='ltr'><strong>hos</strong></span> <span class='ocrx_word' id='word_1_198' title='bbox 1135 2486 1241 2545; x_wconf 89' lang='lat' dir='ltr'><strong>eadem</strong></span> 
     </span>
     <span class='ocr_line' id='line_1_27' title="bbox 223 2568 1242 2650; baseline -0.002 -16"><span class='ocrx_word' id='word_1_199' title='bbox 223 2571 326 2634; x_wconf 88' lang='lat' dir='ltr'><strong>omnia</strong></span> <span class='ocrx_word' id='word_1_200' title='bbox 359 2578 430 2630; x_wconf 91' lang='lat' dir='ltr'><strong>sunt</strong></span> <span class='ocrx_word' id='word_1_201' title='bbox 461 2570 543 2644; x_wconf 91' lang='lat' dir='ltr'><strong>iura,</strong></span> <span class='ocrx_word' id='word_1_202' title='bbox 578 2589 654 2650; x_wconf 89' lang='lat' dir='ltr'><strong>quae</strong></span> <span class='ocrx_word' id='word_1_203' title='bbox 685 2570 814 2632; x_wconf 89' lang='lat' dir='ltr'><strong>dominis</strong></span> <span class='ocrx_word' id='word_1_204' title='bbox 837 2570 869 2630; x_wconf 91' lang='lat' dir='ltr'><strong>in</strong></span> <span class='ocrx_word' id='word_1_205' title='bbox 892 2589 1006 2631; x_wconf 89' lang='lat' dir='ltr'><strong>servos.</strong></span> <span class='ocrx_word' id='word_1_206' title='bbox 1051 2568 1112 2632; x_wconf 86' lang='lat' dir='ltr'><strong>Sed</strong></span> <span class='ocrx_word' id='word_1_207' title='bbox 1134 2572 1171 2632; x_wconf 90' lang='lat' dir='ltr'><strong>de</strong></span> <span class='ocrx_word' id='word_1_208' title='bbox 1192 2571 1242 2632; x_wconf 91' lang='lat' dir='ltr'><strong>his</strong></span> 
     </span>
     <span class='ocr_line' id='line_1_28' title="bbox 223 2656 1241 2736; baseline -0.003 -16"><span class='ocrx_word' id='word_1_209' title='bbox 223 2658 338 2721; x_wconf 91' lang='lat' dir='ltr'><strong>duobus</strong></span> <span class='ocrx_word' id='word_1_210' title='bbox 367 2656 523 2736; x_wconf 86' lang='lat' dir='ltr'><strong>generibus</strong></span> <span class='ocrx_word' id='word_1_211' title='bbox 547 2656 672 2717; x_wconf 86' lang='lat' dir='ltr'><strong>alterum</strong></span> <span class='ocrx_word' id='word_1_212' title='bbox 696 2665 743 2718; x_wconf 90' lang='lat' dir='ltr'><strong>est</strong></span> <span class='ocrx_word' id='word_1_213' title='bbox 766 2657 919 2731; x_wconf 86' lang='lat' dir='ltr'><strong>druidum,</strong></span> <span class='ocrx_word' id='word_1_214' title='bbox 950 2657 1075 2718; x_wconf 86' lang='lat' dir='ltr'><strong>alterum</strong></span> <span class='ocrx_word' id='word_1_215' title='bbox 1098 2656 1241 2736; x_wconf 90' lang='lat' dir='ltr'><strong>equitum.</strong></span> 
     </span>
     <span class='ocr_line' id='line_1_29' title="bbox 222 2741 1243 2822; baseline -0.003 -15"><span class='ocrx_word' id='word_1_216' title='bbox 222 2745 272 2807; x_wconf 90' lang='lat' dir='ltr'><strong>Illi</strong></span> <span class='ocrx_word' id='word_1_217' title='bbox 299 2744 388 2804; x_wconf 90' lang='lat' dir='ltr'><strong>rebus</strong></span> <span class='ocrx_word' id='word_1_218' title='bbox 412 2742 522 2802; x_wconf 89' lang='lat' dir='ltr'><strong>divinis</strong></span> <span class='ocrx_word' id='word_1_219' title='bbox 545 2743 709 2815; x_wconf 89' lang='lat' dir='ltr'><strong>intersunt,</strong></span> <span class='ocrx_word' id='word_1_220' title='bbox 744 2743 893 2804; x_wconf 88' lang='lat' dir='ltr'><strong>sacrificia</strong></span> <span class='ocrx_word' id='word_1_221' title='bbox 918 2741 1040 2822; x_wconf 88' lang='lat' dir='ltr'><strong>publica</strong></span> <span class='ocrx_word' id='word_1_222' title='bbox 1062 2761 1099 2803; x_wconf 90' lang='lat' dir='ltr'><strong>ac</strong></span> <span class='ocrx_word' id='word_1_223' title='bbox 1119 2743 1243 2822; x_wconf 82' lang='lat' dir='ltr'><strong>privata</strong></span> 
     </span>
     <span class='ocr_line' id='line_1_30' title="bbox 222 2828 1243 2912; baseline -0.001 -20"><span class='ocrx_word' id='word_1_224' title='bbox 222 2838 400 2912; x_wconf 87' lang='lat' dir='ltr'><strong>procurant,</strong></span> <span class='ocrx_word' id='word_1_225' title='bbox 424 2828 584 2907; x_wconf 88' lang='lat' dir='ltr'><strong>religiones</strong></span> <span class='ocrx_word' id='word_1_226' title='bbox 606 2829 851 2908; x_wconf 89' lang='lat' dir='ltr'><strong>interpretantur.</strong></span> <span class='ocrx_word' id='word_1_227' title='bbox 885 2829 938 2890; x_wconf 88' lang='lat' dir='ltr'><strong>Ad</strong></span> <span class='ocrx_word' id='word_1_228' title='bbox 950 2829 1007 2890; x_wconf 91' lang='lat' dir='ltr'><strong>bos</strong></span> <span class='ocrx_word' id='word_1_229' title='bbox 1022 2831 1243 2909; x_wconf 85' lang='lat' dir='ltr'><strong>maguus&#39;ado-</strong></span> 
     </span>
     <span class='ocr_line' id='line_1_31' title="bbox 178 2914 1243 2995; baseline -0.004 -14"><span class='ocrx_word' id='word_1_230' title='bbox 178 2942 208 2981; x_wconf 80' lang='lat' dir='ltr'><strong>oo</strong></span> <span class='ocrx_word' id='word_1_231' title='bbox 222 2915 398 2980; x_wconf 90' lang='lat' dir='ltr'><strong>lescentium</strong></span> <span class='ocrx_word' id='word_1_232' title='bbox 421 2933 560 2975; x_wconf 91' lang='lat' dir='ltr'><strong>numerus</strong></span> <span class='ocrx_word' id='word_1_233' title='bbox 582 2914 761 2994; x_wconf 90' lang='lat' dir='ltr'><strong>disciplinae</strong></span> <span class='ocrx_word' id='word_1_234' title='bbox 781 2934 874 2976; x_wconf 89' lang='lat' dir='ltr'><strong>causa</strong></span> <span class='ocrx_word' id='word_1_235' title='bbox 888 2915 1050 2995; x_wconf 88' lang='lat' dir='ltr'><strong>concurrit,</strong></span> <span class='ocrx_word' id='word_1_236' title='bbox 1073 2932 1243 2995; x_wconf 86' lang='lat' dir='ltr'><strong>magnoque</strong></span> 
     </span>
     <span class='ocr_line' id='line_1_32' title="bbox 221 2998 1243 3080; baseline -0.005 -13"><span class='ocrx_word' id='word_1_237' title='bbox 221 3004 254 3067; x_wconf 92' lang='lat' dir='ltr'><strong>bi</strong></span> <span class='ocrx_word' id='word_1_238' title='bbox 277 3010 349 3064; x_wconf 92' lang='lat' dir='ltr'><strong>suut</strong></span> <span class='ocrx_word' id='word_1_239' title='bbox 370 3003 450 3080; x_wconf 92' lang='lat' dir='ltr'><strong>apud</strong></span> <span class='ocrx_word' id='word_1_240' title='bbox 472 3020 523 3062; x_wconf 88' lang='lat' dir='ltr'><strong>eos</strong></span> <span class='ocrx_word' id='word_1_241' title='bbox 546 2998 668 3062; x_wconf 84' lang='lat' dir='ltr'><strong>honore.</strong></span> <span class='ocrx_word' id='word_1_242' title='bbox 712 3002 792 3063; x_wconf 90' lang='lat' dir='ltr'><strong>Nam</strong></span> <span class='ocrx_word' id='word_1_243' title='bbox 814 3004 877 3063; x_wconf 86' lang='lat' dir='ltr'><strong>iere</strong></span> <span class='ocrx_word' id='word_1_244' title='bbox 893 3003 937 3063; x_wconf 90' lang='lat' dir='ltr'><strong>de</strong></span> <span class='ocrx_word' id='word_1_245' title='bbox 959 3001 1097 3062; x_wconf 86' lang='lat' dir='ltr'><strong>omnibus</strong></span> <span class='ocrx_word' id='word_1_246' title='bbox 1119 3010 1243 3063; x_wconf 91' lang='lat' dir='ltr'><strong>contro-</strong></span> 
     </span>
     <span class='ocr_line' id='line_1_33' title="bbox 222 3087 1244 3168; baseline -0.003 -16"><span class='ocrx_word' id='word_1_247' title='bbox 222 3089 330 3153; x_wconf 82' lang='lat' dir='ltr'><strong>versiis</strong></span> <span class='ocrx_word' id='word_1_248' title='bbox 363 3087 490 3167; x_wconf 88' lang='lat' dir='ltr'><strong>publicis</strong></span> <span class='ocrx_word' id='word_1_249' title='bbox 524 3088 712 3168; x_wconf 85' lang='lat' dir='ltr'><strong>privatisque</strong></span> <span class='ocrx_word' id='word_1_250' title='bbox 740 3089 927 3150; x_wconf 90' lang='lat' dir='ltr'><strong>constituunt</strong></span> <span class='ocrx_word' id='word_1_251' title='bbox 954 3097 999 3160; x_wconf 89' lang='lat' dir='ltr'><strong>et,</strong></span> <span class='ocrx_word' id='word_1_252' title='bbox 1034 3087 1060 3147; x_wconf 91' lang='lat' dir='ltr'><strong>si</strong></span> <span class='ocrx_word' id='word_1_253' title='bbox 1087 3089 1168 3167; x_wconf 92' lang='lat' dir='ltr'><strong>quod</strong></span> <span class='ocrx_word' id='word_1_254' title='bbox 1195 3095 1244 3149; x_wconf 87' lang='lat' dir='ltr'><strong>est</strong></span> 
     </span>
     <span class='ocr_line' id='line_1_34' title="bbox 223 3174 1243 3248; baseline -0.004 -10"><span class='ocrx_word' id='word_1_255' title='bbox 223 3176 390 3239; x_wconf 87' lang='lat' dir='ltr'><strong>admissum</strong></span> <span class='ocrx_word' id='word_1_256' title='bbox 412 3174 543 3247; x_wconf 87' lang='lat' dir='ltr'><strong>facinus,-</strong></span> <span class='ocrx_word' id='word_1_257' title='bbox 572 3174 599 3235; x_wconf 92' lang='lat' dir='ltr'><strong>si</strong></span> <span class='ocrx_word' id='word_1_258' title='bbox 622 3176 729 3235; x_wconf 87' lang='lat' dir='ltr'><strong>caedes</strong></span> <span class='ocrx_word' id='word_1_259' title='bbox 756 3176 854 3247; x_wconf 87' lang='lat' dir='ltr'><strong>facta,</strong></span> <span class='ocrx_word' id='word_1_260' title='bbox 883 3174 911 3235; x_wconf 88' lang='lat' dir='ltr'><strong>si</strong></span> <span class='ocrx_word' id='word_1_261' title='bbox 934 3174 971 3235; x_wconf 91' lang='lat' dir='ltr'><strong>de</strong></span> <span class='ocrx_word' id='word_1_262' title='bbox 992 3174 1175 3248; x_wconf 88' lang='lat' dir='ltr'><strong>hereditate,</strong></span> <span class='ocrx_word' id='word_1_263' title='bbox 1204 3174 1243 3235; x_wconf 92' lang='lat' dir='ltr'><strong>de</strong></span> 
     </span>
     <span class='ocr_line' id='line_1_35' title="bbox 223 3259 1243 3340; baseline -0.004 -15"><span class='ocrx_word' id='word_1_264' title='bbox 223 3263 333 3325; x_wconf 88' lang='lat' dir='ltr'><strong>finibus</strong></span> <span class='ocrx_word' id='word_1_265' title='bbox 362 3261 565 3323; x_wconf 86' lang='lat' dir='ltr'><strong>controversia</strong></span> <span class='ocrx_word' id='word_1_266' title='bbox 591 3270 652 3335; x_wconf 92' lang='lat' dir='ltr'><strong>est,</strong></span> <span class='ocrx_word' id='word_1_267' title='bbox 687 3261 777 3322; x_wconf 92' lang='lat' dir='ltr'><strong>iidem</strong></span> <span class='ocrx_word' id='word_1_268' title='bbox 800 3263 976 3334; x_wconf 84' lang='lat' dir='ltr'><strong>decernuut3</strong></span> <span class='ocrx_word' id='word_1_269' title='bbox 1009 3259 1146 3340; x_wconf 90' lang='lat' dir='ltr'><strong>praemia</strong></span> <span class='ocrx_word' id='word_1_270' title='bbox 1166 3279 1243 3340; x_wconf 90' lang='lat' dir='ltr'><strong>poe-</strong></span> 
     </span>
     <span class='ocr_line' id='line_1_36' title="bbox 180 3346 1243 3429; baseline -0.005 -16"><span class='ocrx_word' id='word_1_271' title='bbox 180 3374 208 3413; x_wconf 71' lang='lat' dir='ltr'><strong>no</strong></span> <span class='ocrx_word' id='word_1_272' title='bbox 223 3367 337 3429; x_wconf 90' lang='lat' dir='ltr'><strong>nasque</strong></span> <span class='ocrx_word' id='word_1_273' title='bbox 366 3347 568 3420; x_wconf 85' lang='lat' dir='ltr'><strong>constituunt3</strong></span> <span class='ocrx_word' id='word_1_274' title='bbox 603 3348 629 3408; x_wconf 94' lang='lat' dir='ltr'><strong>si</strong></span> <span class='ocrx_word' id='word_1_275' title='bbox 658 3347 708 3427; x_wconf 93' lang='lat' dir='ltr'><strong>qui</strong></span> <span class='ocrx_word' id='word_1_276' title='bbox 731 3355 784 3407; x_wconf 91' lang='lat' dir='ltr'><strong>aut</strong></span> <span class='ocrx_word' id='word_1_277' title='bbox 804 3347 942 3426; x_wconf 87' lang='lat' dir='ltr'><strong>privatus</strong></span> <span class='ocrx_word' id='word_1_278' title='bbox 965 3355 1017 3408; x_wconf 88' lang='lat' dir='ltr'><strong>aut</strong></span> <span class='ocrx_word' id='word_1_279' title='bbox 1038 3346 1165 3426; x_wconf 89' lang='lat' dir='ltr'><strong>populus</strong></span> <span class='ocrx_word' id='word_1_280' title='bbox 1188 3365 1243 3408; x_wconf 87' lang='lat' dir='ltr'><strong>eo-</strong></span> 
     </span>
     <span class='ocr_line' id='line_1_37' title="bbox 223 3433 1245 3512; baseline -0.005 -13"><span class='ocrx_word' id='word_1_281' title='bbox 223 3455 290 3499; x_wconf 89' lang='lat' dir='ltr'><strong>rum</strong></span> <span class='ocrx_word' id='word_1_282' title='bbox 313 3436 430 3495; x_wconf 92' lang='lat' dir='ltr'><strong>decreto</strong></span> <span class='ocrx_word' id='word_1_283' title='bbox 454 3452 514 3494; x_wconf 94' lang='lat' dir='ltr'><strong>non</strong></span> <span class='ocrx_word' id='word_1_284' title='bbox 535 3433 635 3508; x_wconf 90' lang='lat' dir='ltr'><strong>stetit,</strong></span> <span class='ocrx_word' id='word_1_285' title='bbox 659 3433 815 3494; x_wconf 90' lang='lat' dir='ltr'><strong>sacrificiis</strong></span> <span class='ocrx_word' id='word_1_286' title='bbox 830 3433 1020 3494; x_wconf 89' lang='lat' dir='ltr'><strong>interdicunt.</strong></span> <span class='ocrx_word' id='word_1_287' title='bbox 1048 3433 1245 3512; x_wconf 86' lang='lat' dir='ltr'><strong>Haecpoeua</strong></span> 
     </span>
     <span class='ocr_line' id='line_1_38' title="bbox 223 3516 1245 3603; baseline -0.004 -19"><span class='ocrx_word' id='word_1_288' title='bbox 223 3524 304 3603; x_wconf 86' lang='lat' dir='ltr'><strong>apud</strong></span> <span class='ocrx_word' id='word_1_289' title='bbox 326 3539 377 3581; x_wconf 90' lang='lat' dir='ltr'><strong>eos</strong></span> <span class='ocrx_word' id='word_1_290' title='bbox 401 3528 448 3580; x_wconf 91' lang='lat' dir='ltr'><strong>est</strong></span> <span class='ocrx_word' id='word_1_291' title='bbox 470 3520 658 3600; x_wconf 89' lang='lat' dir='ltr'><strong>gravissima.</strong></span> <span class='ocrx_word' id='word_1_292' title='bbox 703 3516 820 3587; x_wconf 82' lang='lat' dir='ltr'><strong>Quibus</strong></span> <span class='ocrx_word' id='word_1_293' title='bbox 842 3519 887 3580; x_wconf 87' lang='lat' dir='ltr'><strong>ita</strong></span> <span class='ocrx_word' id='word_1_294' title='bbox 909 3528 957 3580; x_wconf 87' lang='lat' dir='ltr'><strong>est</strong></span> <span class='ocrx_word' id='word_1_295' title='bbox 978 3519 1184 3593; x_wconf 86' lang='lat' dir='ltr'><strong>interdictum,</strong></span> <span class='ocrx_word' id='word_1_296' title='bbox 1211 3519 1245 3581; x_wconf 93' lang='lat' dir='ltr'><strong>hi</strong></span> 
     </span>
     <span class='ocr_line' id='line_1_39' title="bbox 223 3604 1243 3685; baseline -0.003 -16"><span class='ocrx_word' id='word_1_297' title='bbox 223 3627 346 3670; x_wconf 91' lang='lat' dir='ltr'><strong>numero</strong></span> <span class='ocrx_word' id='word_1_298' title='bbox 379 3606 539 3685; x_wconf 88' lang='lat' dir='ltr'><strong>impiorum</strong></span> <span class='ocrx_word' id='word_1_299' title='bbox 567 3616 611 3666; x_wconf 77' lang='lat' dir='ltr'><strong>ac‘</strong></span> <span class='ocrx_word' id='word_1_300' title='bbox 631 3604 843 3666; x_wconf 90' lang='lat' dir='ltr'><strong>sceleratorum</strong></span> <span class='ocrx_word' id='word_1_301' title='bbox 869 3606 1028 3680; x_wconf 89' lang='lat' dir='ltr'><strong>habentur,</strong></span> <span class='ocrx_word' id='word_1_302' title='bbox 1063 3605 1111 3668; x_wconf 86' lang='lat' dir='ltr'><strong>his</strong></span> <span class='ocrx_word' id='word_1_303' title='bbox 1139 3623 1243 3666; x_wconf 88' lang='lat' dir='ltr'><strong>omnes</strong></span> 
     </span>
     <span class='ocr_line' id='line_1_40' title="bbox 225 3692 1245 3772; baseline -0.001 -18"><span class='ocrx_word' id='word_1_304' title='bbox 225 3695 386 3767; x_wconf 90' lang='lat' dir='ltr'><strong>decedunt,</strong></span> <span class='ocrx_word' id='word_1_305' title='bbox 421 3692 536 3754; x_wconf 91' lang='lat' dir='ltr'><strong>aditum</strong></span> <span class='ocrx_word' id='word_1_306' title='bbox 570 3709 795 3770; x_wconf 89' lang='lat' dir='ltr'><strong>sermonemque</strong></span> <span class='ocrx_word' id='word_1_307' title='bbox 826 3692 995 3771; x_wconf 87' lang='lat' dir='ltr'><strong>delugiuut,</strong></span> <span class='ocrx_word' id='word_1_308' title='bbox 1029 3711 1067 3753; x_wconf 92' lang='lat' dir='ltr'><strong>ne</strong></span> <span class='ocrx_word' id='word_1_309' title='bbox 1100 3692 1173 3772; x_wconf 93' lang='lat' dir='ltr'><strong>quid</strong></span> <span class='ocrx_word' id='word_1_310' title='bbox 1206 3710 1245 3752; x_wconf 86' lang='lat' dir='ltr'><strong>ex</strong></span> 
     </span>
     <span class='ocr_line' id='line_1_41' title="bbox 181 3777 1243 3858; baseline -0.004 -16"><span class='ocrx_word' id='word_1_311' title='bbox 181 3803 211 3843; x_wconf 75' lang='lat' dir='ltr'><strong>ro</strong></span> <span class='ocrx_word' id='word_1_312' title='bbox 225 3779 401 3858; x_wconf 88' lang='lat' dir='ltr'><strong>contagione</strong></span> <span class='ocrx_word' id='word_1_313' title='bbox 423 3778 604 3840; x_wconf 91' lang='lat' dir='ltr'><strong>incommodi</strong></span> <span class='ocrx_word' id='word_1_314' title='bbox 625 3777 792 3855; x_wconf 88' lang='lat' dir='ltr'><strong>accipiant,</strong></span> <span class='ocrx_word' id='word_1_315' title='bbox 815 3797 911 3858; x_wconf 91' lang='lat' dir='ltr'><strong>neque</strong></span> <span class='ocrx_word' id='word_1_316' title='bbox 932 3778 980 3839; x_wconf 91' lang='lat' dir='ltr'><strong>his</strong></span> <span class='ocrx_word' id='word_1_317' title='bbox 1002 3780 1174 3858; x_wconf 89' lang='lat' dir='ltr'><strong>petentibus</strong></span> <span class='ocrx_word' id='word_1_318' title='bbox 1195 3778 1243 3839; x_wconf 82' lang='lat' dir='ltr'><strong>ius</strong></span> 
     </span>
     <span class='ocr_line' id='line_1_42' title="bbox 225 3862 1244 3944; baseline -0.002 -17"><span class='ocrx_word' id='word_1_319' title='bbox 225 3866 361 3927; x_wconf 91' lang='lat' dir='ltr'><strong>redditur</strong></span> <span class='ocrx_word' id='word_1_320' title='bbox 394 3883 489 3944; x_wconf 90' lang='lat' dir='ltr'><strong>neque</strong></span> <span class='ocrx_word' id='word_1_321' title='bbox 521 3865 616 3925; x_wconf 87' lang='lat' dir='ltr'><strong>honos</strong></span> <span class='ocrx_word' id='word_1_322' title='bbox 650 3862 728 3924; x_wconf 89' lang='lat' dir='ltr'><strong>ullus</strong></span> <span class='ocrx_word' id='word_1_323' title='bbox 762 3864 1006 3926; x_wconf 89' lang='lat' dir='ltr'><strong>communicatur.</strong></span> <span class='ocrx_word' id='word_1_324' title='bbox 1055 3865 1113 3926; x_wconf 88' lang='lat' dir='ltr'><strong>His</strong></span> <span class='ocrx_word' id='word_1_325' title='bbox 1142 3872 1244 3926; x_wconf 86' lang='lat' dir='ltr'><strong>autem</strong></span> 
     </span>
     <span class='ocr_line' id='line_1_43' title="bbox 226 3950 1244 4031; baseline 0 -18"><span class='ocrx_word' id='word_1_326' title='bbox 226 3952 364 4013; x_wconf 91' lang='lat' dir='ltr'><strong>omnibus</strong></span> <span class='ocrx_word' id='word_1_327' title='bbox 393 3951 547 4012; x_wconf 89' lang='lat' dir='ltr'><strong>druidibus</strong></span> <span class='ocrx_word' id='word_1_328' title='bbox 574 3957 695 4030; x_wconf 89' lang='lat' dir='ltr'><strong>praeest</strong></span> <span class='ocrx_word' id='word_1_329' title='bbox 715 3950 809 4024; x_wconf 85' lang='lat' dir='ltr'><strong>unus,</strong></span> <span class='ocrx_word' id='word_1_330' title='bbox 843 3951 895 4031; x_wconf 93' lang='lat' dir='ltr'><strong>qui</strong></span> <span class='ocrx_word' id='word_1_331' title='bbox 914 3969 1068 4013; x_wconf 84' lang='lat' dir='ltr'><strong>summam</strong></span> <span class='ocrx_word' id='word_1_332' title='bbox 1090 3951 1168 4013; x_wconf 89' lang='lat' dir='ltr'><strong>iuter</strong></span> <span class='ocrx_word' id='word_1_333' title='bbox 1190 3968 1244 4013; x_wconf 83' lang='lat' dir='ltr'><strong>con</strong></span> 
     </span>
    </p>
   </div>
   <div class='ocr_carea' id='block_1_3' title="bbox 0 0 1321 4492">
    <p class='ocr_par' dir='ltr' id='par_1_3' title="bbox 0 0 1321 4492">
     <span class='ocr_line' id='line_1_44' title="bbox 0 0 1321 4492; baseline 0 0"><span class='ocrx_word' id='word_1_334' title='bbox 0 0 1321 4492; x_wconf 95' lang='lat' dir='ltr'><strong> </strong></span> 
     </span>
    </p>
   </div>
  </div>
 </body>
</html>
