2616 4492
215 269 258 332 42
543 285 593 334 na
614 287 732 334 anano
755 286 911 335 caturco

216 425 278 506 gris
304 424 419 486 viribus
444 424 564 487 fortiter
584 445 751 508 repugnare
773 446 869 506 neque
890 424 984 489 ullum
1004 425 1119 487 frustra
1139 423 1236 486 telum

216 531 255 574 ex
276 511 340 572 loco
364 511 516 590 superiore
538 512 671 587 mittere,
695 523 729 575 ut
751 533 884 594 quaeque
906 532 977 592 pars
993 520 1161 573 castromm
1175 530 1237 572 nu-

216 599 291 669 data
317 598 524 659 defensoribus
546 600 642 677 premi
664 599 832 672 videbatur,
862 618 896 660 eo
919 617 1070 659 occurrere
1094 607 1124 658 et
1146 598 1236 659 auxi-

214 683 286 746 lium
318 685 409 756 ferre,
444 686 497 745 sed
523 685 579 746 hoc
606 686 756 764 superari,
792 687 871 766 quod
898 684 1096 746 diuturnitate
1116 703 1237 764 pugnae

185 770 319 832 chostes
353 771 462 832 defessi
494 771 607 850 proelio
642 774 841 845 excedebant,
879 771 932 833 alii
963 770 1088 850 integris
1122 770 1236 832 viribus

215 858 429 930 succedebant3
458 875 583 936 quarum
611 877 711 920 rerum
734 878 753 919 a
775 858 887 919 nostris
909 866 1031 937 propter
1051 856 1236 937 paucitatem

214 943 278 1005 fieri
305 943 378 1004 nihil
401 951 536 1022 poterat,
566 963 601 1005 ac
626 964 687 1005 non
710 947 796 1006 modo
820 947 938 1006 defesso
963 961 1123 1022 expugna
1145 962 1236 1004 exce-

216 1026 320 1103 dendi,
355 1031 409 1090 sed
436 1048 473 1090 ne
501 1030 601 1091 saucio
629 1031 747 1109 quidem
776 1031 838 1091 eius
861 1029 933 1101 loci,
966 1029 1018 1090 ubi
1041 1029 1235 1104 constiterat,

190 1115 404 1194 brelinquendi
426 1135 461 1176 ac
483 1115 530 1177 sui
553 1116 714 1194 recipiendi
736 1117 864 1178 facultas
888 1117 1026 1195 dabatur.
1076 1115 1152 1177 Cum
1173 1115 1235 1176 iam

172 1222 202 1260 ro
216 1202 345 1281 amplius
377 1201 459 1262 horis
494 1221 549 1264 sex
575 1202 763 1264 continenter
790 1211 975 1282 pugnaretur
997 1221 1033 1263 ac
1055 1221 1115 1263 non
1137 1201 1236 1263 solum

215 1289 310 1362 vires,
334 1290 388 1350 sed
411 1289 503 1349 etiam
525 1289 586 1349 tela
601 1298 721 1351 nostros
737 1290 898 1350 deficerent
912 1297 1002 1368 atque
1018 1289 1120 1350 hostes
1136 1287 1236 1349 acrius

214 1375 367 1437 instarent
389 1375 683 1455 languidioribusque
704 1376 815 1437 nostris
839 1376 952 1436 vallum
975 1374 1111 1436 scindere
1126 1384 1155 1434 et
1169 1375 1236 1436 fos-

215 1481 267 1523 sas
295 1461 443 1540 complere
471 1462 653 1541 coepissent,
688 1481 796 1541 resque
819 1470 901 1522 esset
921 1462 982 1522 iam
1005 1462 1045 1522 ad
1067 1469 1236 1531 extremum

213 1549 360 1628 perducta
380 1567 499 1622 casum,
522 1548 647 1609 Publius
672 1548 793 1610 Sextius
815 1547 962 1621 Baculus,
985 1547 1073 1626 primi
1094 1547 1147 1626 pili
1161 1566 1235 1608 cen-

171 1655 199 1692 m
214 1635 309 1709 turio,
345 1653 433 1713 quem
460 1634 589 1696 Nervico
617 1635 731 1713 proelio
754 1635 954 1712 compluribus
977 1635 1142 1694 confectum
1163 1632 1235 1694 vul-

214 1721 335 1782 neribus
358 1721 502 1793 diximus,
531 1730 562 1782 et
583 1721 654 1782 item
678 1719 773 1782 Gaius
796 1721 986 1794 VolusennS,
1015 1720 1153 1781 tribunus
1175 1719 1237 1781 mi-

213 1807 316 1880 litum,
350 1808 399 1868 vir
427 1815 458 1868 et
484 1807 599 1869 consilii
621 1807 722 1888 magni
746 1815 776 1868 et
798 1807 935 1880 virtutis,
965 1808 1004 1868 ad
1027 1805 1159 1868 Galbam
1181 1825 1236 1867 ac-

214 1900 337 1955 currunt
369 1902 459 1972 atque
485 1913 577 1955 unam
605 1913 678 1957 esse.
700 1912 784 1973 spem
813 1893 919 1955 salutis
942 1894 1064 1967 docent,
1095 1892 1121 1954 si
1143 1911 1236 1971 erup-

215 1980 295 2041 tione
315 1980 397 2040 facta
419 1988 584 2040 extremum
607 1981 750 2041 auxilium
773 1979 987 2059 experirentur.
1030 1979 1139 2058 Itaque
1161 1998 1236 2040 con-

171 2085 200 2124 ιο
214 2065 330 2127 vocatis
353 2065 575 2127 centurionibus
598 2066 735 2127 celeriter
757 2066 1030 2127 militescerticres
1044 2065 1131 2140 facit,
1154 2084 1236 2144 pau-

214 2151 307 2231 lisper
333 2151 567 2213 intermitterent
593 2153 739 2230 proelium
766 2171 801 2213 ac
825 2153 1035 2213 tantummodo
1057 2151 1119 2212 tela
1140 2151 1237 2213 missa

215 2239 384 2317 exciperent
412 2257 501 2317 seque
523 2257 562 2298 ex
582 2237 686 2300 labore
709 2239 876 2311 reficerent,
906 2247 974 2318 post
996 2240 1067 2299 dato
1091 2238 1174 2318 signo
1198 2257 1237 2299 ex

215 2324 322 2386 castris
351 2333 541 2401 erumperent
568 2332 659 2404 atque
687 2344 805 2386 omnem
833 2345 916 2405 spem
939 2324 1046 2386 salutis
1069 2324 1101 2385 in
1123 2324 1236 2386 virtute

189 2413 370 2490 6ponerent.
426 2407 515 2478 Quod
548 2410 622 2472 iussi
656 2420 740 2485 sunt,
774 2412 887 2472 faciunt
914 2431 950 2472 ac
971 2411 1071 2472 subito
1095 2410 1234 2473 omnibus

171 2519 200 2556 aa
215 2498 310 2577 portis
334 2496 489 2576 eruptione
511 2498 592 2558 facta
614 2517 710 2576 neque
733 2497 942 2578 cognoscendi,
967 2497 1038 2576 quid
1053 2498 1153 2572 fieret,
1178 2516 1235 2558 nc-

216 2604 272 2665 que
295 2584 339 2644 sui
362 2583 519 2662 colligendi
533 2583 671 2645 hostibus
687 2584 861 2646 facultatem
877 2584 1057 2663 relinquunt
1085 2583 1135 2644 Ita
1149 2602 1235 2644 com-

216 2679 333 2731 mutata
359 2671 482 2731 fortuna
504 2689 570 2741 eos,
599 2670 703 2749 quiin
727 2691 810 2750 spem
834 2671 1042 2750 potiundorum
1066 2679 1235 2731 castrorum

214 2765 377 2830 venerant,
402 2757 531 2836 undique
553 2756 770 2819 circumventos
786 2757 969 2819 interficiunt
984 2765 1014 2816 et
1029 2776 1066 2816 ex
1080 2756 1235 2817 hominum

214 2843 334 2904 milibus
363 2842 491 2921 amplius
520 2842 658 2922 triginta,
688 2863 774 2922 quem
797 2863 952 2905 numerum
975 2844 1173 2904 barbarorum
1195 2843 1236 2903 ad

171 2950 200 2989 co
215 2939 317 2991 castra
338 2929 458 2990 venisse
481 2930 655 3003 constabat,
679 2931 746 3008 plus
769 2931 860 2992 tertia
882 2938 968 3010 parte
990 2929 1146 2990 interfecta
1161 2927 1235 2990 reli-

214 3036 290 3096 quos
323 3015 499 3095 perterritos
527 3016 558 3076 in
585 3017 686 3096 fugam
714 3017 874 3079 conficiunt
901 3037 937 3078 ac
959 3034 998 3075 ne
1017 3015 1049 3076 in
1072 3015 1142 3077 locis
1166 3014 1235 3093 qui-

215 3104 283 3164 dem
310 3102 512 3181 superioribus
540 3102 704 3165 consistere
733 3104 898 3183 patiuntur.
944 3101 995 3164 Sic
1017 3101 1154 3162 omnibus
1177 3102 1235 3162 ho-

214 3190 306 3252 stium
334 3189 426 3268 copiis
454 3189 529 3250 fusis
557 3189 709 3269 armisque
736 3190 834 3252 exutis
857 3210 890 3250 se
911 3189 943 3250 in
966 3197 1068 3250 castra
1089 3187 1235 3250 munitio-

213 3296 326 3355 nesque
349 3295 420 3337 suas
443 3275 598 3356 recipiunt.
892 3317 897 3324 .

170 3383 198 3422 aa
279 3361 346 3432 Quo
380 3363 493 3442 proelio
526 3364 620 3436 facto,
656 3363 735 3441 quod
764 3360 884 3438 saepius
911 3361 1062 3421 fortunam
1084 3366 1235 3438 temptare

214 3449 316 3511 Galba
349 3449 472 3510 nolebat
505 3458 595 3528 atque
623 3447 682 3509 alio
711 3467 744 3508 se
765 3447 797 3508 in
819 3447 945 3507 hiberna
967 3445 1089 3507 consilio
1112 3444 1234 3521 venisse

213 3535 406 3606 meminerat,
440 3535 508 3596 aliis
542 3535 704 3596 occurrisse
732 3535 822 3595 rebus
850 3533 983 3607 viderat,
1018 3531 1147 3593 maxime
1168 3532 1234 3592 fru-

215 3622 307 3681 menti
340 3631 581 3700 commeatusque
608 3621 710 3699 inopia
736 3628 889 3700 permotus
916 3629 1039 3700 postero
1063 3618 1110 3680 die
1126 3608 1233 3679 ‘omni-

215 3707 270 3767 bus
294 3708 357 3768 eius
379 3708 436 3769 vici
459 3707 601 3769 aedificiis
624 3707 753 3767 incensis
776 3706 807 3767 in
829 3707 1014 3785 provinciam
1031 3705 1143 3767 reverti
1157 3723 1232 3765 cou-

171 3814 200 3852 ιο
214 3793 312 3853 tendit
344 3813 379 3853 ac
411 3794 492 3856 nullo
519 3795 607 3855 hoste
634 3793 812 3871 prohibente
834 3802 888 3854 aut
908 3794 966 3855 iter
989 3794 1162 3854 demorante
1184 3791 1235 3852 in-

216 3879 360 3939 columem
383 3879 530 3961 legionem
553 3880 584 3940 in
606 3879 796 3952 Nantuates
818 3878 888 3942 inde
909 3881 941 3941 in
963 3879 1145 3959 Allobroges
1160 3896 1233 3958 per-

215 3965 302 4026 duxit
322 3964 421 4046 ibique
442 3965 594 4028 hiemavit.
