<?xml version="1.0" encoding="UTF-8"?>
<!DOCTYPE html PUBLIC "-//W3C//DTD XHTML 1.0 Transitional//EN"
    "http://www.w3.org/TR/xhtml1/DTD/xhtml1-transitional.dtd">
<html xmlns="http://www.w3.org/1999/xhtml" xml:lang="en" lang="en">
 <head>
  <title>
</title>
<meta http-equiv="Content-Type" content="text/html;charset=utf-8" />
  <meta name='ocr-system' content='tesseract 3.04.00' />
  <meta name='ocr-capabilities' content='ocr_page ocr_carea ocr_par ocr_line ocrx_word'/>
</head>
<body>
  <div class='ocr_page' id='page_1' title='image "./debellogallicol00friggoog_0103.png"; bbox 0 0 2616 4492; ppageno 0'>
   <div class='ocr_carea' id='block_1_1' title="bbox 200 264 898 329">
    <p class='ocr_par' dir='ltr' id='par_1_1' title="bbox 200 264 898 329">
     <span class='ocr_line' id='line_1_1' title="bbox 200 264 898 329; baseline 0.003 -2"><span class='ocrx_word' id='word_1_1' title='bbox 200 264 243 327; x_wconf 79' lang='lat'>80</span> <span class='ocrx_word' id='word_1_2' title='bbox 528 281 577 327; x_wconf 84' lang='lat' dir='ltr'>nn</span> <span class='ocrx_word' id='word_1_3' title='bbox 600 277 717 328; x_wconf 80' lang='lat' dir='ltr'>nunno</span> <span class='ocrx_word' id='word_1_4' title='bbox 742 279 898 329; x_wconf 79' lang='lat' dir='ltr'>canmco</span> 
     </span>
    </p>
   </div>
   <div class='ocr_carea' id='block_1_2' title="bbox 157 416 1228 500">
    <p class='ocr_par' dir='ltr' id='par_1_2' title="bbox 157 416 1228 500">
     <span class='ocr_line' id='line_1_2' title="bbox 157 416 1228 500; baseline 0.004 -22"><span class='ocrx_word' id='word_1_5' title='bbox 157 427 192 478; x_wconf 82' lang='lat'>32</span> <span class='ocrx_word' id='word_1_6' title='bbox 265 418 311 480; x_wconf 89' lang='lat' dir='ltr'>At</span> <span class='ocrx_word' id='word_1_7' title='bbox 338 418 441 480; x_wconf 89' lang='lat' dir='ltr'>hostes</span> <span class='ocrx_word' id='word_1_8' title='bbox 463 427 664 499; x_wconf 80' lang='lat' dir='ltr'><strong>posteaquam</strong></span> <span class='ocrx_word' id='word_1_9' title='bbox 687 439 726 482; x_wconf 87' lang='lat' dir='ltr'>ex</span> <span class='ocrx_word' id='word_1_10' title='bbox 747 427 892 481; x_wconf 89' lang='lat' dir='ltr'>nocturno</span> <span class='ocrx_word' id='word_1_11' title='bbox 915 417 1036 480; x_wconf 74' lang='lat' dir='ltr'>fremitu</span> <span class='ocrx_word' id='word_1_12' title='bbox 1056 416 1228 500; x_wconf 82' lang='lat' dir='ltr'>vigiliisque</span> 
     </span>
    </p>
   </div>
   <div class='ocr_carea' id='block_1_3' title="bbox 156 503 1297 4026">
    <p class='ocr_par' dir='ltr' id='par_1_3' title="bbox 156 503 1297 4026">
     <span class='ocr_line' id='line_1_3' title="bbox 202 503 1227 585; baseline 0 -19"><span class='ocrx_word' id='word_1_13' title='bbox 202 505 240 566; x_wconf 89' lang='lat' dir='ltr'>de</span> <span class='ocrx_word' id='word_1_14' title='bbox 261 504 443 585; x_wconf 86' lang='lat' dir='ltr'>proiectione</span> <span class='ocrx_word' id='word_1_15' title='bbox 467 525 570 567; x_wconf 90' lang='lat' dir='ltr'>eorum</span> <span class='ocrx_word' id='word_1_16' title='bbox 593 516 768 580; x_wconf 86' lang='lat' dir='ltr'>senserunt,</span> <span class='ocrx_word' id='word_1_17' title='bbox 798 505 962 568; x_wconf 78' lang='lat' dir='ltr'>conlocatis</span> <span class='ocrx_word' id='word_1_18' title='bbox 984 503 1103 566; x_wconf 84' lang='lat' dir='ltr'>insidiis</span> <span class='ocrx_word' id='word_1_19' title='bbox 1125 505 1227 585; x_wconf 85' lang='lat' dir='ltr'>biper-</span> 
     </span>
     <span class='ocr_line' id='line_1_4' title="bbox 200 590 1227 672; baseline 0.001 -20"><span class='ocrx_word' id='word_1_20' title='bbox 200 591 256 652; x_wconf 89' lang='lat' dir='ltr'>tito</span> <span class='ocrx_word' id='word_1_21' title='bbox 279 590 310 650; x_wconf 90' lang='lat' dir='ltr'>in</span> <span class='ocrx_word' id='word_1_22' title='bbox 334 590 420 651; x_wconf 89' lang='lat' dir='ltr'>silvis</span> <span class='ocrx_word' id='word_1_23' title='bbox 444 601 612 671; x_wconf 93' lang='lat' dir='ltr'>opportuno</span> <span class='ocrx_word' id='word_1_24' title='bbox 636 601 726 672; x_wconf 87' lang='lat' dir='ltr'>atque</span> <span class='ocrx_word' id='word_1_25' title='bbox 749 593 864 653; x_wconf 91' lang='lat' dir='ltr'>occulto</span> <span class='ocrx_word' id='word_1_26' title='bbox 886 590 951 652; x_wconf 94' lang='lat' dir='ltr'>loco</span> <span class='ocrx_word' id='word_1_27' title='bbox 975 610 995 651; x_wconf 91' lang='lat' dir='ltr'>a</span> <span class='ocrx_word' id='word_1_28' title='bbox 1016 590 1137 652; x_wconf 85' lang='lat' dir='ltr'>milibus</span> <span class='ocrx_word' id='word_1_29' title='bbox 1151 610 1227 671; x_wconf 83' lang='lat' dir='ltr'>pas-</span> 
     </span>
     <span class='ocr_line' id='line_1_5' title="bbox 201 677 1226 756; baseline 0 -18"><span class='ocrx_word' id='word_1_30' title='bbox 201 696 286 738; x_wconf 82' lang='lat' dir='ltr'>suum</span> <span class='ocrx_word' id='word_1_31' title='bbox 310 677 427 737; x_wconf 83' lang='lat' dir='ltr'>circiter</span> <span class='ocrx_word' id='word_1_32' title='bbox 450 679 566 739; x_wconf 89' lang='lat' dir='ltr'>dnobus</span> <span class='ocrx_word' id='word_1_33' title='bbox 589 678 795 739; x_wconf 88' lang='lat' dir='ltr'>Romanorum</span> <span class='ocrx_word' id='word_1_34' title='bbox 818 679 982 739; x_wconf 86' lang='lat' dir='ltr'>adventum</span> <span class='ocrx_word' id='word_1_35' title='bbox 998 678 1226 756; x_wconf 75' lang='lat' dir='ltr'>exspectabant,</span> 
     </span>
     <span class='ocr_line' id='line_1_6' title="bbox 171 762 1226 844; baseline -0.003 -17"><span class='ocrx_word' id='word_1_36' title='bbox 171 771 246 834; x_wconf 84' lang='lat' dir='ltr'>aet,</span> <span class='ocrx_word' id='word_1_37' title='bbox 270 782 335 824; x_wconf 90' lang='lat' dir='ltr'>cum</span> <span class='ocrx_word' id='word_1_38' title='bbox 359 783 392 823; x_wconf 91' lang='lat' dir='ltr'>se</span> <span class='ocrx_word' id='word_1_39' title='bbox 416 763 511 824; x_wconf 88' lang='lat' dir='ltr'>maior</span> <span class='ocrx_word' id='word_1_40' title='bbox 532 782 603 843; x_wconf 85' lang='lat' dir='ltr'>pars</span> <span class='ocrx_word' id='word_1_41' title='bbox 627 763 754 843; x_wconf 87' lang='lat' dir='ltr'>agminis</span> <span class='ocrx_word' id='word_1_42' title='bbox 777 763 808 824; x_wconf 92' lang='lat' dir='ltr'>in</span> <span class='ocrx_word' id='word_1_43' title='bbox 830 783 971 844; x_wconf 85' lang='lat' dir='ltr'>magnam</span> <span class='ocrx_word' id='word_1_44' title='bbox 986 762 1156 825; x_wconf 85' lang='lat' dir='ltr'>convallem</span> <span class='ocrx_word' id='word_1_45' title='bbox 1171 765 1226 824; x_wconf 86' lang='lat' dir='ltr'>de-</span> 
     </span>
     <span class='ocr_line' id='line_1_7' title="bbox 200 849 1228 930; baseline 0.001 -21"><span class='ocrx_word' id='word_1_46' title='bbox 200 849 352 920; x_wconf 83' lang='lat' dir='ltr'>misisset,</span> <span class='ocrx_word' id='word_1_47' title='bbox 375 869 413 910; x_wconf 87' lang='lat' dir='ltr'>ex</span> <span class='ocrx_word' id='word_1_48' title='bbox 432 859 561 930; x_wconf 88' lang='lat' dir='ltr'>utraque</span> <span class='ocrx_word' id='word_1_49' title='bbox 577 859 664 930; x_wconf 89' lang='lat' dir='ltr'>parte</span> <span class='ocrx_word' id='word_1_50' title='bbox 680 850 742 912; x_wconf 88' lang='lat' dir='ltr'>eius</span> <span class='ocrx_word' id='word_1_51' title='bbox 757 850 847 911; x_wconf 87' lang='lat' dir='ltr'>vallis</span> <span class='ocrx_word' id='word_1_52' title='bbox 868 849 967 910; x_wconf 88' lang='lat' dir='ltr'>subito</span> <span class='ocrx_word' id='word_1_53' title='bbox 983 868 1016 910; x_wconf 89' lang='lat' dir='ltr'>se</span> <span class='ocrx_word' id='word_1_54' title='bbox 1031 850 1228 911; x_wconf 90' lang='lat' dir='ltr'>ostenderunt</span> 
     </span>
     <span class='ocr_line' id='line_1_8' title="bbox 201 935 1227 1016; baseline 0.003 -21"><span class='ocrx_word' id='word_1_55' title='bbox 201 935 444 1014; x_wconf 88' lang='lat' dir='ltr'>novissimosque</span> <span class='ocrx_word' id='word_1_56' title='bbox 475 955 612 1015; x_wconf 88' lang='lat' dir='ltr'>premere</span> <span class='ocrx_word' id='word_1_57' title='bbox 641 945 672 997; x_wconf 90' lang='lat' dir='ltr'>et</span> <span class='ocrx_word' id='word_1_58' title='bbox 697 936 811 1016; x_wconf 88' lang='lat' dir='ltr'>primos</span> <span class='ocrx_word' id='word_1_59' title='bbox 838 936 998 1015; x_wconf 88' lang='lat' dir='ltr'>prohibere</span> <span class='ocrx_word' id='word_1_60' title='bbox 1026 954 1154 996; x_wconf 85' lang='lat' dir='ltr'>ascensu</span> <span class='ocrx_word' id='word_1_61' title='bbox 1175 944 1227 998; x_wconf 83' lang='lat' dir='ltr'>at-</span> 
     </span>
     <span class='ocr_line' id='line_1_9' title="bbox 201 1020 1225 1101; baseline 0 -19"><span class='ocrx_word' id='word_1_62' title='bbox 201 1041 260 1101; x_wconf 93' lang='lat' dir='ltr'>que</span> <span class='ocrx_word' id='word_1_63' title='bbox 280 1021 469 1100; x_wconf 87' lang='lat' dir='ltr'>iniquissimo</span> <span class='ocrx_word' id='word_1_64' title='bbox 484 1023 596 1084; x_wconf 90' lang='lat' dir='ltr'>nostris</span> <span class='ocrx_word' id='word_1_65' title='bbox 611 1021 676 1083; x_wconf 91' lang='lat' dir='ltr'>loco</span> <span class='ocrx_word' id='word_1_66' title='bbox 692 1022 839 1101; x_wconf 90' lang='lat' dir='ltr'>proelium</span> <span class='ocrx_word' id='word_1_67' title='bbox 854 1020 1040 1083; x_wconf 91' lang='lat' dir='ltr'>committere</span> <span class='ocrx_word' id='word_1_68' title='bbox 1055 1030 1225 1101; x_wconf 82' lang='lat' dir='ltr'>coeperunt</span> 
     </span>
     <span class='ocr_line' id='line_1_10' title="bbox 157 1106 1226 1187; baseline 0.005 -24"><span class='ocrx_word' id='word_1_69' title='bbox 157 1108 282 1169; x_wconf 83' lang='lat' dir='ltr'>33Tum</span> <span class='ocrx_word' id='word_1_70' title='bbox 310 1108 429 1169; x_wconf 89' lang='lat' dir='ltr'>demum</span> <span class='ocrx_word' id='word_1_71' title='bbox 458 1108 609 1182; x_wconf 90' lang='lat' dir='ltr'>Titurius,</span> <span class='ocrx_word' id='word_1_72' title='bbox 638 1108 690 1187; x_wconf 93' lang='lat' dir='ltr'>qni</span> <span class='ocrx_word' id='word_1_73' title='bbox 711 1108 786 1171; x_wconf 92' lang='lat' dir='ltr'>nihil</span> <span class='ocrx_word' id='word_1_74' title='bbox 808 1117 880 1170; x_wconf 90' lang='lat' dir='ltr'>ante</span> <span class='ocrx_word' id='word_1_75' title='bbox 903 1107 1102 1187; x_wconf 87' lang='lat' dir='ltr'>providisset,</span> <span class='ocrx_word' id='word_1_76' title='bbox 1131 1106 1226 1187; x_wconf 89' lang='lat' dir='ltr'>trepi-</span> 
     </span>
     <span class='ocr_line' id='line_1_11' title="bbox 158 1193 1227 1274; baseline -0.001 -18"><span class='ocrx_word' id='word_1_77' title='bbox 158 1219 187 1257; x_wconf 90' lang='grc' dir='ltr'>ιο</span> <span class='ocrx_word' id='word_1_78' title='bbox 202 1194 275 1255; x_wconf 90' lang='lat' dir='ltr'>dare</span> <span class='ocrx_word' id='word_1_79' title='bbox 308 1202 339 1254; x_wconf 90' lang='lat' dir='ltr'>et</span> <span class='ocrx_word' id='word_1_80' title='bbox 371 1212 549 1255; x_wconf 81' lang='lat' dir='ltr'>concursare</span> <span class='ocrx_word' id='word_1_81' title='bbox 583 1194 779 1274; x_wconf 84' lang='lat' dir='ltr'>cohortesque</span> <span class='ocrx_word' id='word_1_82' title='bbox 807 1193 981 1273; x_wconf 83' lang='lat' dir='ltr'>disponere,</span> <span class='ocrx_word' id='word_1_83' title='bbox 1015 1194 1091 1255; x_wconf 89' lang='lat' dir='ltr'>haec</span> <span class='ocrx_word' id='word_1_84' title='bbox 1122 1201 1227 1255; x_wconf 89' lang='lat' dir='ltr'>tamen</span> 
     </span>
     <span class='ocr_line' id='line_1_12' title="bbox 201 1278 1226 1361; baseline 0.001 -19"><span class='ocrx_word' id='word_1_85' title='bbox 201 1280 270 1361; x_wconf 81' lang='lat' dir='ltr'>ipsa</span> <span class='ocrx_word' id='word_1_86' title='bbox 291 1278 395 1341; x_wconf 88' lang='lat' dir='ltr'>timide</span> <span class='ocrx_word' id='word_1_87' title='bbox 418 1289 509 1360; x_wconf 91' lang='lat' dir='ltr'>atque</span> <span class='ocrx_word' id='word_1_88' title='bbox 532 1288 566 1341; x_wconf 92' lang='lat' dir='ltr'>ut</span> <span class='ocrx_word' id='word_1_89' title='bbox 588 1300 656 1341; x_wconf 93' lang='lat' dir='ltr'>eum</span> <span class='ocrx_word' id='word_1_90' title='bbox 679 1280 780 1342; x_wconf 89' lang='lat' dir='ltr'>omnia</span> <span class='ocrx_word' id='word_1_91' title='bbox 795 1281 920 1342; x_wconf 87' lang='lat' dir='ltr'>deficere</span> <span class='ocrx_word' id='word_1_92' title='bbox 935 1280 1122 1353; x_wconf 88' lang='lat' dir='ltr'>viderentur;</span> <span class='ocrx_word' id='word_1_93' title='bbox 1146 1281 1226 1359; x_wconf 90' lang='lat' dir='ltr'>quod</span> 
     </span>
     <span class='ocr_line' id='line_1_13' title="bbox 200 1364 1226 1446; baseline 0.001 -20"><span class='ocrx_word' id='word_1_94' title='bbox 200 1364 375 1446; x_wconf 89' lang='lat' dir='ltr'>plemmque</span> <span class='ocrx_word' id='word_1_95' title='bbox 397 1366 435 1427; x_wconf 90' lang='lat' dir='ltr'>iis</span> <span class='ocrx_word' id='word_1_96' title='bbox 458 1367 593 1428; x_wconf 88' lang='lat' dir='ltr'>occidere</span> <span class='ocrx_word' id='word_1_97' title='bbox 616 1365 788 1441; x_wconf 90' lang='lat' dir='ltr'>consuevit,</span> <span class='ocrx_word' id='word_1_98' title='bbox 813 1365 864 1446; x_wconf 94' lang='lat' dir='ltr'>qui</span> <span class='ocrx_word' id='word_1_99' title='bbox 885 1365 917 1426; x_wconf 93' lang='lat' dir='ltr'>in</span> <span class='ocrx_word' id='word_1_100' title='bbox 932 1365 999 1446; x_wconf 91' lang='lat' dir='ltr'>ipso</span> <span class='ocrx_word' id='word_1_101' title='bbox 1015 1365 1136 1446; x_wconf 83' lang='lat' dir='ltr'>negotio</span> <span class='ocrx_word' id='word_1_102' title='bbox 1151 1385 1226 1427; x_wconf 92' lang='lat' dir='ltr'>con-</span> 
     </span>
     <span class='ocr_line' id='line_1_14' title="bbox 201 1451 1228 1533; baseline 0 -19"><span class='ocrx_word' id='word_1_103' title='bbox 201 1452 302 1514; x_wconf 89' lang='lat' dir='ltr'>silium</span> <span class='ocrx_word' id='word_1_104' title='bbox 334 1471 443 1532; x_wconf 83' lang='lat' dir='ltr'>cepere</span> <span class='ocrx_word' id='word_1_105' title='bbox 475 1461 629 1532; x_wconf 84' lang='lat' dir='ltr'>coguntur.</span> <span class='ocrx_word' id='word_1_106' title='bbox 679 1451 725 1513; x_wconf 89' lang='lat' dir='ltr'>At</span> <span class='ocrx_word' id='word_1_107' title='bbox 752 1451 859 1525; x_wconf 84' lang='lat' dir='ltr'>Cotta,</span> <span class='ocrx_word' id='word_1_108' title='bbox 891 1452 944 1533; x_wconf 87' lang='lat' dir='ltr'>&#39;qui</span> <span class='ocrx_word' id='word_1_109' title='bbox 966 1453 1130 1532; x_wconf 73' lang='lat' dir='ltr'>cogitasset</span> <span class='ocrx_word' id='word_1_110' title='bbox 1153 1451 1228 1514; x_wconf 76' lang='lat' dir='ltr'>haec</span> 
     </span>
     <span class='ocr_line' id='line_1_15' title="bbox 200 1538 1226 1619; baseline 0 -20"><span class='ocrx_word' id='word_1_111' title='bbox 200 1558 292 1619; x_wconf 87' lang='lat' dir='ltr'>posse</span> <span class='ocrx_word' id='word_1_112' title='bbox 314 1538 346 1599; x_wconf 95' lang='lat' dir='ltr'>in</span> <span class='ocrx_word' id='word_1_113' title='bbox 369 1539 475 1600; x_wconf 90' lang='lat' dir='ltr'>itinere</span> <span class='ocrx_word' id='word_1_114' title='bbox 498 1539 631 1600; x_wconf 91' lang='lat' dir='ltr'>accidere</span> <span class='ocrx_word' id='word_1_115' title='bbox 653 1547 744 1618; x_wconf 92' lang='lat' dir='ltr'>atque</span> <span class='ocrx_word' id='word_1_116' title='bbox 767 1539 805 1599; x_wconf 95' lang='lat' dir='ltr'>ob</span> <span class='ocrx_word' id='word_1_117' title='bbox 828 1557 894 1599; x_wconf 79' lang='lat' dir='ltr'>eam</span> <span class='ocrx_word' id='word_1_118' title='bbox 916 1557 1040 1599; x_wconf 85' lang='lat' dir='ltr'>causam</span> <span class='ocrx_word' id='word_1_119' title='bbox 1063 1538 1226 1617; x_wconf 85' lang='lat' dir='ltr'>profectio-</span> 
     </span>
     <span class='ocr_line' id='line_1_16' title="bbox 158 1623 1229 1698; baseline -0.002 -10"><span class='ocrx_word' id='word_1_120' title='bbox 158 1650 186 1688; x_wconf 81' lang='grc' dir='ltr'>ιι</span> <span class='ocrx_word' id='word_1_121' title='bbox 202 1625 249 1687; x_wconf 90' lang='lat' dir='ltr'>nis</span> <span class='ocrx_word' id='word_1_122' title='bbox 272 1633 377 1687; x_wconf 88' lang='lat' dir='ltr'>auctor</span> <span class='ocrx_word' id='word_1_123' title='bbox 399 1644 459 1686; x_wconf 92' lang='lat' dir='ltr'>non</span> <span class='ocrx_word' id='word_1_124' title='bbox 480 1625 604 1698; x_wconf 82' lang='lat' dir='ltr'>fuisset,</span> <span class='ocrx_word' id='word_1_125' title='bbox 628 1624 713 1685; x_wconf 91' lang='lat' dir='ltr'>nulla</span> <span class='ocrx_word' id='word_1_126' title='bbox 735 1624 767 1685; x_wconf 92' lang='lat' dir='ltr'>in</span> <span class='ocrx_word' id='word_1_127' title='bbox 789 1643 821 1685; x_wconf 92' lang='lat' dir='ltr'>re</span> <span class='ocrx_word' id='word_1_128' title='bbox 843 1625 993 1686; x_wconf 90' lang='lat' dir='ltr'>communi</span> <span class='ocrx_word' id='word_1_129' title='bbox 1015 1623 1108 1686; x_wconf 89' lang='lat' dir='ltr'>saluti</span> <span class='ocrx_word' id='word_1_130' title='bbox 1122 1625 1229 1686; x_wconf 81' lang='lat' dir='ltr'>deerat</span> 
     </span>
     <span class='ocr_line' id='line_1_17' title="bbox 201 1709 1227 1791; baseline 0 -19"><span class='ocrx_word' id='word_1_131' title='bbox 201 1720 233 1772; x_wconf 89' lang='lat' dir='ltr'>et</span> <span class='ocrx_word' id='word_1_132' title='bbox 264 1711 296 1772; x_wconf 90' lang='lat' dir='ltr'>in</span> <span class='ocrx_word' id='word_1_133' title='bbox 325 1710 514 1791; x_wconf 78' lang='lat' dir='ltr'>appellandis</span> <span class='ocrx_word' id='word_1_134' title='bbox 537 1709 789 1790; x_wconf 80' lang='lat' dir='ltr'>cohortandisque</span> <span class='ocrx_word' id='word_1_135' title='bbox 813 1709 958 1771; x_wconf 89' lang='lat' dir='ltr'>militibus</span> <span class='ocrx_word' id='word_1_136' title='bbox 981 1709 1173 1789; x_wconf 87' lang='lat' dir='ltr'>imperatoris</span> <span class='ocrx_word' id='word_1_137' title='bbox 1196 1718 1227 1772; x_wconf 89' lang='lat' dir='ltr'>et</span> 
     </span>
     <span class='ocr_line' id='line_1_18' title="bbox 200 1795 1227 1878; baseline -0.001 -20"><span class='ocrx_word' id='word_1_138' title='bbox 200 1797 233 1858; x_wconf 92' lang='lat' dir='ltr'>in</span> <span class='ocrx_word' id='word_1_139' title='bbox 259 1817 360 1878; x_wconf 85' lang='lat' dir='ltr'>pugna</span> <span class='ocrx_word' id='word_1_140' title='bbox 387 1797 492 1858; x_wconf 90' lang='lat' dir='ltr'>militis</span> <span class='ocrx_word' id='word_1_141' title='bbox 520 1797 618 1858; x_wconf 85' lang='lat' dir='ltr'>officia</span> <span class='ocrx_word' id='word_1_142' title='bbox 644 1797 831 1876; x_wconf 87' lang='lat' dir='ltr'>praestabat.</span> <span class='ocrx_word' id='word_1_143' title='bbox 882 1795 958 1856; x_wconf 86' lang='lat' dir='ltr'>Cum</span> <span class='ocrx_word' id='word_1_144' title='bbox 979 1805 1106 1877; x_wconf 89' lang='lat' dir='ltr'>propter</span> <span class='ocrx_word' id='word_1_145' title='bbox 1126 1795 1227 1877; x_wconf 79' lang='lat' dir='ltr'>longi-</span> 
     </span>
     <span class='ocr_line' id='line_1_19' title="bbox 201 1881 1228 1963; baseline -0.001 -19"><span class='ocrx_word' id='word_1_146' title='bbox 201 1883 337 1944; x_wconf 87' lang='lat' dir='ltr'>tudinem</span> <span class='ocrx_word' id='word_1_147' title='bbox 360 1883 488 1962; x_wconf 83' lang='lat' dir='ltr'>agminis</span> <span class='ocrx_word' id='word_1_148' title='bbox 510 1883 609 1945; x_wconf 89' lang='lat' dir='ltr'>minus</span> <span class='ocrx_word' id='word_1_149' title='bbox 633 1882 734 1944; x_wconf 86' lang='lat' dir='ltr'>omnia</span> <span class='ocrx_word' id='word_1_150' title='bbox 754 1900 809 1962; x_wconf 90' lang='lat' dir='ltr'>per</span> <span class='ocrx_word' id='word_1_151' title='bbox 831 1901 864 1943; x_wconf 89' lang='lat' dir='ltr'>se</span> <span class='ocrx_word' id='word_1_152' title='bbox 887 1881 970 1943; x_wconf 91' lang='lat' dir='ltr'>obire</span> <span class='ocrx_word' id='word_1_153' title='bbox 993 1891 1038 1958; x_wconf 89' lang='lat' dir='ltr'>et,</span> <span class='ocrx_word' id='word_1_154' title='bbox 1063 1883 1135 1962; x_wconf 89' lang='lat' dir='ltr'>quid</span> <span class='ocrx_word' id='word_1_155' title='bbox 1148 1900 1228 1963; x_wconf 86' lang='lat' dir='ltr'>quo·-</span> 
     </span>
     <span class='ocr_line' id='line_1_20' title="bbox 201 1966 1228 2048; baseline 0.001 -19"><span class='ocrx_word' id='word_1_156' title='bbox 201 1988 259 2048; x_wconf 93' lang='lat' dir='ltr'>que</span> <span class='ocrx_word' id='word_1_157' title='bbox 291 1969 356 2029; x_wconf 93' lang='lat' dir='ltr'>loco</span> <span class='ocrx_word' id='word_1_158' title='bbox 389 1969 556 2031; x_wconf 80' lang='lat' dir='ltr'>iaciendum</span> <span class='ocrx_word' id='word_1_159' title='bbox 591 1977 687 2043; x_wconf 88' lang='lat' dir='ltr'>esset,</span> <span class='ocrx_word' id='word_1_160' title='bbox 720 1966 1044 2048; x_wconf 52' lang='lat' dir='ltr'>prouidempossent,</span> <span class='ocrx_word' id='word_1_161' title='bbox 1072 1968 1228 2030; x_wconf 85' lang='lat' dir='ltr'>iusserunt</span> 
     </span>
     <span class='ocr_line' id='line_1_21' title="bbox 157 2053 1227 2135; baseline -0.001 -18"><span class='ocrx_word' id='word_1_162' title='bbox 157 2079 187 2117; x_wconf 81' lang='lat' dir='ltr'>ao</span> <span class='ocrx_word' id='word_1_163' title='bbox 201 2054 406 2135; x_wconf 89' lang='lat' dir='ltr'>pronuntiari,</span> <span class='ocrx_word' id='word_1_164' title='bbox 434 2063 469 2116; x_wconf 91' lang='lat' dir='ltr'>ut</span> <span class='ocrx_word' id='word_1_165' title='bbox 489 2054 705 2134; x_wconf 84' lang='lat' dir='ltr'>impedimenta</span> <span class='ocrx_word' id='word_1_166' title='bbox 725 2054 930 2134; x_wconf 89' lang='lat' dir='ltr'>relinquerent</span> <span class='ocrx_word' id='word_1_167' title='bbox 957 2063 1048 2133; x_wconf 86' lang='lat' dir='ltr'>atque</span> <span class='ocrx_word' id='word_1_168' title='bbox 1069 2053 1102 2115; x_wconf 91' lang='lat' dir='ltr'>in</span> <span class='ocrx_word' id='word_1_169' title='bbox 1124 2054 1227 2117; x_wconf 85' lang='lat' dir='ltr'>orbem</span> 
     </span>
     <span class='ocr_line' id='line_1_22' title="bbox 202 2137 1227 2208; baseline 0.001 -7"><span class='ocrx_word' id='word_1_170' title='bbox 202 2140 411 2201; x_wconf 87' lang='lat' dir='ltr'>consisterent.</span> <span class='ocrx_word' id='word_1_171' title='bbox 467 2137 558 2208; x_wconf 84' lang='lat' dir='ltr'>Quod</span> <span class='ocrx_word' id='word_1_172' title='bbox 585 2140 742 2201; x_wconf 88' lang='lat' dir='ltr'>consilium</span> <span class='ocrx_word' id='word_1_173' title='bbox 771 2140 829 2201; x_wconf 89' lang='lat' dir='ltr'>etsi</span> <span class='ocrx_word' id='word_1_174' title='bbox 856 2139 888 2200; x_wconf 95' lang='lat' dir='ltr'>in</span> <span class='ocrx_word' id='word_1_175' title='bbox 910 2139 1059 2201; x_wconf 89' lang='lat' dir='ltr'>eiusmodi</span> <span class='ocrx_word' id='word_1_176' title='bbox 1081 2159 1154 2202; x_wconf 87' lang='lat' dir='ltr'>casn</span> <span class='ocrx_word' id='word_1_177' title='bbox 1175 2159 1227 2202; x_wconf 85' lang='lat' dir='ltr'>re-</span> 
     </span>
     <span class='ocr_line' id='line_1_23' title="bbox 201 2225 1228 2306; baseline 0.001 -18"><span class='ocrx_word' id='word_1_178' title='bbox 201 2225 447 2306; x_wconf 89' lang='lat' dir='ltr'>prehendendum</span> <span class='ocrx_word' id='word_1_179' title='bbox 470 2245 530 2286; x_wconf 93' lang='lat' dir='ltr'>non</span> <span class='ocrx_word' id='word_1_180' title='bbox 552 2236 613 2301; x_wconf 88' lang='lat' dir='ltr'>est,</span> <span class='ocrx_word' id='word_1_181' title='bbox 637 2235 739 2287; x_wconf 90' lang='lat' dir='ltr'>tamen</span> <span class='ocrx_word' id='word_1_182' title='bbox 760 2226 947 2287; x_wconf 89' lang='lat' dir='ltr'>incommode</span> <span class='ocrx_word' id='word_1_183' title='bbox 969 2226 1090 2287; x_wconf 87' lang='lat' dir='ltr'>accidit:</span> <span class='ocrx_word' id='word_1_184' title='bbox 1114 2235 1228 2289; x_wconf 88' lang='lat' dir='ltr'>namet</span> 
     </span>
     <span class='ocr_line' id='line_1_24' title="bbox 202 2290 1227 2393; baseline 0 -19"><span class='ocrx_word' id='word_1_185' title='bbox 202 2311 315 2374; x_wconf 87' lang='lat' dir='ltr'>nostris</span> <span class='ocrx_word' id='word_1_186' title='bbox 338 2312 482 2373; x_wconf 88' lang='lat' dir='ltr'>militibus</span> <span class='ocrx_word' id='word_1_187' title='bbox 513 2331 598 2392; x_wconf 89' lang='lat' dir='ltr'>spem</span> <span class='ocrx_word' id='word_1_188' title='bbox 627 2311 733 2373; x_wconf 88' lang='lat' dir='ltr'>minuit</span> <span class='ocrx_word' id='word_1_189' title='bbox 761 2321 792 2372; x_wconf 92' lang='lat' dir='ltr'>et</span> <span class='ocrx_word' id='word_1_190' title='bbox 813 2311 918 2373; x_wconf 86' lang='lat' dir='ltr'>hostes</span> <span class='ocrx_word' id='word_1_191' title='bbox 942 2290 1042 2373; x_wconf 92' lang='lat' dir='ltr'>ad</span> <span class='ocrx_word' id='word_1_192' title='bbox 1003 2332 1135 2393; x_wconf 83' lang='lat' dir='ltr'>pugnam</span> <span class='ocrx_word' id='word_1_193' title='bbox 1157 2312 1227 2374; x_wconf 85' lang='lat' dir='ltr'>ala-</span> 
     </span>
     <span class='ocr_line' id='line_1_25' title="bbox 201 2392 1226 2480; baseline 0.002 -21"><span class='ocrx_word' id='word_1_194' title='bbox 201 2397 314 2459; x_wconf 89' lang='lat' dir='ltr'>criores</span> <span class='ocrx_word' id='word_1_195' title='bbox 342 2397 453 2472; x_wconf 85' lang='lat' dir='ltr'>effecit,</span> <span class='ocrx_word' id='word_1_196' title='bbox 482 2400 562 2478; x_wconf 94' lang='lat' dir='ltr'>quod</span> <span class='ocrx_word' id='word_1_197' title='bbox 585 2417 645 2459; x_wconf 91' lang='lat' dir='ltr'>non</span> <span class='ocrx_word' id='word_1_198' title='bbox 668 2392 733 2458; x_wconf 88' lang='lat' dir='ltr'>sine</span> <span class='ocrx_word' id='word_1_199' title='bbox 757 2417 873 2459; x_wconf 89' lang='lat' dir='ltr'>summo</span> <span class='ocrx_word' id='word_1_200' title='bbox 898 2397 1007 2459; x_wconf 90' lang='lat' dir='ltr'>timore</span> <span class='ocrx_word' id='word_1_201' title='bbox 1029 2408 1060 2460; x_wconf 89' lang='lat' dir='ltr'>et</span> <span class='ocrx_word' id='word_1_202' title='bbox 1082 2400 1226 2480; x_wconf 82' lang='lat' dir='ltr'>despera-</span> 
     </span>
     <span class='ocr_line' id='line_1_26' title="bbox 157 2483 1228 2564; baseline 0 -17"><span class='ocrx_word' id='word_1_203' title='bbox 157 2509 186 2548; x_wconf 79' lang='grc' dir='ltr'>ιι</span> <span class='ocrx_word' id='word_1_204' title='bbox 202 2483 284 2545; x_wconf 88' lang='lat' dir='ltr'>tione</span> <span class='ocrx_word' id='word_1_205' title='bbox 306 2483 337 2545; x_wconf 89' lang='lat' dir='ltr'>id</span> <span class='ocrx_word' id='word_1_206' title='bbox 358 2485 470 2545; x_wconf 81' lang='lat' dir='ltr'>factum</span> <span class='ocrx_word' id='word_1_207' title='bbox 498 2484 665 2546; x_wconf 88' lang='lat' dir='ltr'>videbatur.</span> <span class='ocrx_word' id='word_1_208' title='bbox 709 2484 873 2545; x_wconf 89' lang='lat' dir='ltr'>Praeterea</span> <span class='ocrx_word' id='word_1_209' title='bbox 895 2483 1018 2558; x_wconf 83' lang='lat' dir='ltr'>accidit,</span> <span class='ocrx_word' id='word_1_210' title='bbox 1054 2486 1135 2564; x_wconf 91' lang='lat' dir='ltr'>quod</span> <span class='ocrx_word' id='word_1_211' title='bbox 1160 2483 1228 2546; x_wconf 85' lang='lat' dir='ltr'>fieri</span> 
     </span>
     <span class='ocr_line' id='line_1_27' title="bbox 202 2529 1297 2652; baseline 0.002 -22"><span class='ocrx_word' id='word_1_212' title='bbox 202 2588 324 2630; x_wconf 89' lang='lat' dir='ltr'>necesse</span> <span class='ocrx_word' id='word_1_213' title='bbox 347 2579 426 2644; x_wconf 90' lang='lat' dir='ltr'>erat,</span> <span class='ocrx_word' id='word_1_214' title='bbox 451 2580 487 2632; x_wconf 92' lang='lat' dir='ltr'>ut</span> <span class='ocrx_word' id='word_1_215' title='bbox 507 2570 597 2651; x_wconf 86' lang='lat' dir='ltr'>vulgo</span> <span class='ocrx_word' id='word_1_216' title='bbox 621 2569 733 2631; x_wconf 85' lang='lat' dir='ltr'>milites</span> <span class='ocrx_word' id='word_1_217' title='bbox 757 2571 796 2631; x_wconf 87' lang='lat' dir='ltr'>ab</span> <span class='ocrx_word' id='word_1_218' title='bbox 819 2569 913 2650; x_wconf 87' lang='lat' dir='ltr'>signis</span> <span class='ocrx_word' id='word_1_219' title='bbox 929 2529 1116 2632; x_wconf 87' lang='lat' dir='ltr'>discederent</span> <span class='ocrx_word' id='word_1_220' title='bbox 1130 2590 1226 2652; x_wconf 89' lang='lat' dir='ltr'>quae-</span> <span class='ocrx_word' id='word_1_221' title='bbox 1294 2564 1297 2569; x_wconf 72' lang='grc'><strong>’</strong></span> 
     </span>
     <span class='ocr_line' id='line_1_28' title="bbox 201 2654 1226 2736; baseline 0.002 -20"><span class='ocrx_word' id='word_1_222' title='bbox 201 2675 261 2735; x_wconf 91' lang='lat' dir='ltr'>que</span> <span class='ocrx_word' id='word_1_223' title='bbox 294 2655 419 2736; x_wconf 91' lang='lat' dir='ltr'>quisque</span> <span class='ocrx_word' id='word_1_224' title='bbox 453 2676 553 2718; x_wconf 91' lang='lat' dir='ltr'>eorum</span> <span class='ocrx_word' id='word_1_225' title='bbox 587 2655 743 2718; x_wconf 88' lang='lat' dir='ltr'>carissima</span> <span class='ocrx_word' id='word_1_226' title='bbox 769 2656 897 2718; x_wconf 89' lang='lat' dir='ltr'>haberet</span> <span class='ocrx_word' id='word_1_227' title='bbox 930 2656 969 2717; x_wconf 82' lang='lat' dir='ltr'>ab</span> <span class='ocrx_word' id='word_1_228' title='bbox 1002 2654 1226 2736; x_wconf 89' lang='lat' dir='ltr'>impedimentis</span> 
     </span>
     <span class='ocr_line' id='line_1_29' title="bbox 201 2741 1228 2824; baseline 0.003 -23"><span class='ocrx_word' id='word_1_229' title='bbox 201 2751 304 2822; x_wconf 90' lang='lat' dir='ltr'>petere</span> <span class='ocrx_word' id='word_1_230' title='bbox 332 2752 422 2821; x_wconf 90' lang='lat' dir='ltr'>atque</span> <span class='ocrx_word' id='word_1_231' title='bbox 449 2742 582 2822; x_wconf 89' lang='lat' dir='ltr'>arripere</span> <span class='ocrx_word' id='word_1_232' title='bbox 603 2751 795 2824; x_wconf 86' lang='lat' dir='ltr'>properaret,</span> <span class='ocrx_word' id='word_1_233' title='bbox 825 2742 955 2804; x_wconf 85' lang='lat' dir='ltr'>clamore</span> <span class='ocrx_word' id='word_1_234' title='bbox 979 2750 1010 2803; x_wconf 90' lang='lat' dir='ltr'>et</span> <span class='ocrx_word' id='word_1_235' title='bbox 1031 2743 1103 2805; x_wconf 90' lang='lat' dir='ltr'>fletu</span> <span class='ocrx_word' id='word_1_236' title='bbox 1125 2741 1228 2805; x_wconf 89' lang='lat' dir='ltr'>omnia</span> 
     </span>
     <span class='ocr_line' id='line_1_30' title="bbox 202 2828 430 2908; baseline 0.005 -20"><span class='ocrx_word' id='word_1_237' title='bbox 202 2828 430 2908; x_wconf 89' lang='lat' dir='ltr'>complerentur.</span> 
     </span>
     <span class='ocr_line' id='line_1_31' title="bbox 158 2870 1227 2976; baseline 0.005 -7"><span class='ocrx_word' id='word_1_238' title='bbox 158 2918 194 2969; x_wconf 86' lang='lat'>34</span> <span class='ocrx_word' id='word_1_239' title='bbox 266 2913 313 2975; x_wconf 90' lang='lat' dir='ltr'>At</span> <span class='ocrx_word' id='word_1_240' title='bbox 339 2913 477 2976; x_wconf 88' lang='lat' dir='ltr'>barbaris</span> <span class='ocrx_word' id='word_1_241' title='bbox 500 2914 657 2976; x_wconf 87' lang='lat' dir='ltr'>consilium</span> <span class='ocrx_word' id='word_1_242' title='bbox 679 2934 739 2976; x_wconf 94' lang='lat' dir='ltr'>non</span> <span class='ocrx_word' id='word_1_243' title='bbox 762 2913 863 2976; x_wconf 83' lang='lat' dir='ltr'>deluit.</span> <span class='ocrx_word' id='word_1_244' title='bbox 906 2913 989 2976; x_wconf 90' lang='lat' dir='ltr'>Nam</span> <span class='ocrx_word' id='word_1_245' title='bbox 1011 2870 1102 2974; x_wconf 88' lang='lat' dir='ltr'>duces</span> <span class='ocrx_word' id='word_1_246' title='bbox 1125 2931 1227 2975; x_wconf 92' lang='lat' dir='ltr'>eorum</span> 
     </span>
     <span class='ocr_line' id='line_1_32' title="bbox 158 2998 1228 3080; baseline 0 -19"><span class='ocrx_word' id='word_1_247' title='bbox 158 3025 181 3061; x_wconf 92' lang='grc' dir='ltr'>ιι</span> <span class='ocrx_word' id='word_1_248' title='bbox 202 3007 269 3061; x_wconf 83' lang='lat' dir='ltr'>tota</span> <span class='ocrx_word' id='word_1_249' title='bbox 296 3001 358 3061; x_wconf 88' lang='lat' dir='ltr'>acie</span> <span class='ocrx_word' id='word_1_250' title='bbox 380 3001 570 3080; x_wconf 89' lang='lat' dir='ltr'>pronuntiari</span> <span class='ocrx_word' id='word_1_251' title='bbox 591 3000 760 3073; x_wconf 89' lang='lat' dir='ltr'>iusserunt,</span> <span class='ocrx_word' id='word_1_252' title='bbox 790 3020 827 3062; x_wconf 93' lang='lat' dir='ltr'>ne</span> <span class='ocrx_word' id='word_1_253' title='bbox 850 3000 916 3080; x_wconf 93' lang='lat' dir='ltr'>quis</span> <span class='ocrx_word' id='word_1_254' title='bbox 939 2999 978 3060; x_wconf 91' lang='lat' dir='ltr'>ab</span> <span class='ocrx_word' id='word_1_255' title='bbox 1000 2999 1065 3061; x_wconf 94' lang='lat' dir='ltr'>loco</span> <span class='ocrx_word' id='word_1_256' title='bbox 1088 2998 1228 3061; x_wconf 86' lang='lat' dir='ltr'>discede·</span> 
     </span>
     <span class='ocr_line' id='line_1_33' title="bbox 201 3084 1227 3167; baseline 0.001 -21"><span class='ocrx_word' id='word_1_257' title='bbox 201 3095 264 3147; x_wconf 91' lang='lat' dir='ltr'>ret:</span> <span class='ocrx_word' id='word_1_258' title='bbox 292 3085 412 3147; x_wconf 92' lang='lat' dir='ltr'>illorum</span> <span class='ocrx_word' id='word_1_259' title='bbox 435 3107 503 3148; x_wconf 90' lang='lat' dir='ltr'>esse</span> <span class='ocrx_word' id='word_1_260' title='bbox 524 3088 670 3167; x_wconf 88' lang='lat' dir='ltr'>praedam</span> <span class='ocrx_word' id='word_1_261' title='bbox 693 3095 784 3167; x_wconf 89' lang='lat' dir='ltr'>atque</span> <span class='ocrx_word' id='word_1_262' title='bbox 806 3086 867 3147; x_wconf 90' lang='lat' dir='ltr'>illis</span> <span class='ocrx_word' id='word_1_263' title='bbox 889 3084 1039 3148; x_wconf 87' lang='lat' dir='ltr'>reservari</span> <span class='ocrx_word' id='word_1_264' title='bbox 1061 3104 1227 3164; x_wconf 87' lang='lat' dir='ltr'>quaecum-</span> 
     </span>
     <span class='ocr_line' id='line_1_34' title="bbox 201 3170 1227 3253; baseline 0 -21"><span class='ocrx_word' id='word_1_265' title='bbox 201 3190 259 3252; x_wconf 90' lang='lat' dir='ltr'>que</span> <span class='ocrx_word' id='word_1_266' title='bbox 286 3172 418 3233; x_wconf 88' lang='lat' dir='ltr'>Romani</span> <span class='ocrx_word' id='word_1_267' title='bbox 446 3173 653 3253; x_wconf 89' lang='lat' dir='ltr'>reliquissent:</span> <span class='ocrx_word' id='word_1_268' title='bbox 682 3172 808 3253; x_wconf 87' lang='lat' dir='ltr'>proinde</span> <span class='ocrx_word' id='word_1_269' title='bbox 836 3172 937 3232; x_wconf 84' lang='lat' dir='ltr'>omnia</span> <span class='ocrx_word' id='word_1_270' title='bbox 966 3171 998 3233; x_wconf 91' lang='lat' dir='ltr'>in</span> <span class='ocrx_word' id='word_1_271' title='bbox 1019 3170 1147 3233; x_wconf 85' lang='lat' dir='ltr'>victoria</span> <span class='ocrx_word' id='word_1_272' title='bbox 1168 3190 1227 3251; x_wconf 89' lang='lat' dir='ltr'>po-</span> 
     </span>
     <span class='ocr_line' id='line_1_35' title="bbox 201 3257 1228 3337; baseline 0.001 -19"><span class='ocrx_word' id='word_1_273' title='bbox 201 3257 261 3319; x_wconf 88' lang='lat' dir='ltr'>sita</span> <span class='ocrx_word' id='word_1_274' title='bbox 294 3258 512 3319; x_wconf 82' lang='lat' dir='ltr'>existimarent</span> <span class='ocrx_word' id='word_1_275' title='bbox 567 3258 666 3320; x_wconf 86' lang='lat' dir='ltr'>Erant</span> <span class='ocrx_word' id='word_1_276' title='bbox 688 3267 718 3320; x_wconf 94' lang='lat' dir='ltr'>et</span> <span class='ocrx_word' id='word_1_277' title='bbox 739 3258 852 3320; x_wconf 87' lang='lat' dir='ltr'>virtute</span> <span class='ocrx_word' id='word_1_278' title='bbox 875 3266 907 3318; x_wconf 89' lang='lat' dir='ltr'>et</span> <span class='ocrx_word' id='word_1_279' title='bbox 928 3275 1051 3319; x_wconf 89' lang='lat' dir='ltr'>nurnero</span> <span class='ocrx_word' id='word_1_280' title='bbox 1074 3257 1228 3337; x_wconf 80' lang='lat' dir='ltr'>pugnandi</span> 
     </span>
     <span class='ocr_line' id='line_1_36' title="bbox 157 3343 1227 3423; baseline 0.001 -19"><span class='ocrx_word' id='word_1_281' title='bbox 157 3367 185 3405; x_wconf 80' lang='grc' dir='ltr'>ιι</span> <span class='ocrx_word' id='word_1_282' title='bbox 200 3363 290 3423; x_wconf 85' lang='lat' dir='ltr'>pares</span> <span class='ocrx_word' id='word_1_283' title='bbox 318 3344 423 3405; x_wconf 87' lang='lat' dir='ltr'>nostri.</span> <span class='ocrx_word' id='word_1_284' title='bbox 469 3344 608 3405; x_wconf 85' lang='lat' dir='ltr'>Tametsi</span> <span class='ocrx_word' id='word_1_285' title='bbox 635 3345 673 3405; x_wconf 90' lang='lat' dir='ltr'>ab</span> <span class='ocrx_word' id='word_1_286' title='bbox 702 3345 775 3405; x_wconf 91' lang='lat' dir='ltr'>duce</span> <span class='ocrx_word' id='word_1_287' title='bbox 804 3350 835 3404; x_wconf 88' lang='lat' dir='ltr'>et</span> <span class='ocrx_word' id='word_1_288' title='bbox 857 3362 877 3404; x_wconf 89' lang='lat' dir='ltr'>a</span> <span class='ocrx_word' id='word_1_289' title='bbox 897 3343 1018 3405; x_wconf 73' lang='lat' dir='ltr'>fortuna</span> <span class='ocrx_word' id='word_1_290' title='bbox 1041 3344 1227 3405; x_wconf 80' lang='lat' dir='ltr'>desereban-</span> 
     </span>
     <span class='ocr_line' id='line_1_37' title="bbox 200 3428 1229 3509; baseline 0.002 -19"><span class='ocrx_word' id='word_1_291' title='bbox 200 3438 259 3501; x_wconf 90' lang='lat' dir='ltr'>tur,</span> <span class='ocrx_word' id='word_1_292' title='bbox 287 3438 391 3490; x_wconf 88' lang='lat' dir='ltr'>tamen</span> <span class='ocrx_word' id='word_1_293' title='bbox 419 3449 538 3490; x_wconf 92' lang='lat' dir='ltr'>omnem</span> <span class='ocrx_word' id='word_1_294' title='bbox 567 3449 652 3509; x_wconf 88' lang='lat' dir='ltr'>spem</span> <span class='ocrx_word' id='word_1_295' title='bbox 674 3428 782 3491; x_wconf 89' lang='lat' dir='ltr'>salutis</span> <span class='ocrx_word' id='word_1_296' title='bbox 805 3428 837 3490; x_wconf 92' lang='lat' dir='ltr'>in</span> <span class='ocrx_word' id='word_1_297' title='bbox 859 3428 972 3490; x_wconf 83' lang='lat' dir='ltr'>virtute</span> <span class='ocrx_word' id='word_1_298' title='bbox 994 3429 1164 3509; x_wconf 88' lang='lat' dir='ltr'>ponebant,</span> <span class='ocrx_word' id='word_1_299' title='bbox 1195 3438 1229 3492; x_wconf 85' lang='lat' dir='ltr'>et</span> 
     </span>
     <span class='ocr_line' id='line_1_38' title="bbox 201 3515 1227 3596; baseline 0.003 -21"><span class='ocrx_word' id='word_1_300' title='bbox 201 3515 338 3594; x_wconf 87' lang='lat' dir='ltr'>quotiens</span> <span class='ocrx_word' id='word_1_301' title='bbox 361 3535 496 3596; x_wconf 93' lang='lat' dir='ltr'>quaeque</span> <span class='ocrx_word' id='word_1_302' title='bbox 518 3515 625 3577; x_wconf 89' lang='lat' dir='ltr'>cohors</span> <span class='ocrx_word' id='word_1_303' title='bbox 647 3522 855 3595; x_wconf 79' lang='lat' dir='ltr'>procurreret,</span> <span class='ocrx_word' id='word_1_304' title='bbox 878 3516 918 3576; x_wconf 87' lang='lat' dir='ltr'>ab</span> <span class='ocrx_word' id='word_1_305' title='bbox 941 3533 979 3576; x_wconf 91' lang='lat' dir='ltr'>ea</span> <span class='ocrx_word' id='word_1_306' title='bbox 997 3523 1085 3595; x_wconf 86' lang='lat' dir='ltr'>parte</span> <span class='ocrx_word' id='word_1_307' title='bbox 1099 3534 1227 3596; x_wconf 80' lang='lat' dir='ltr'>magnus</span> 
     </span>
     <span class='ocr_line' id='line_1_39' title="bbox 201 3598 1228 3670; baseline 0.002 -7"><span class='ocrx_word' id='word_1_308' title='bbox 201 3619 342 3663; x_wconf 91' lang='lat' dir='ltr'>numerus</span> <span class='ocrx_word' id='word_1_309' title='bbox 364 3601 498 3663; x_wconf 90' lang='lat' dir='ltr'>hostium</span> <span class='ocrx_word' id='word_1_310' title='bbox 520 3602 657 3663; x_wconf 80' lang='lat' dir='ltr'>cadebat</span> <span class='ocrx_word' id='word_1_311' title='bbox 691 3598 762 3670; x_wconf 81' lang='lat' dir='ltr'>Qua</span> <span class='ocrx_word' id='word_1_312' title='bbox 783 3619 815 3661; x_wconf 91' lang='lat' dir='ltr'>re</span> <span class='ocrx_word' id='word_1_313' title='bbox 837 3600 1051 3663; x_wconf 86' lang='lat' dir='ltr'>animadversa</span> <span class='ocrx_word' id='word_1_314' title='bbox 1064 3600 1228 3665; x_wconf 85' lang='lat' dir='ltr'>Ambiorix</span> 
     </span>
     <span class='ocr_line' id='line_1_40' title="bbox 200 3686 1227 3769; baseline 0.004 -23"><span class='ocrx_word' id='word_1_315' title='bbox 200 3687 391 3764; x_wconf 85' lang='lat' dir='ltr'>pronuntiari</span> <span class='ocrx_word' id='word_1_316' title='bbox 424 3687 523 3762; x_wconf 91' lang='lat' dir='ltr'>iubet,</span> <span class='ocrx_word' id='word_1_317' title='bbox 556 3696 591 3749; x_wconf 92' lang='lat' dir='ltr'>ut</span> <span class='ocrx_word' id='word_1_318' title='bbox 622 3686 728 3767; x_wconf 91' lang='lat' dir='ltr'>procul</span> <span class='ocrx_word' id='word_1_319' title='bbox 755 3687 819 3748; x_wconf 88' lang='lat' dir='ltr'>tela</span> <span class='ocrx_word' id='word_1_320' title='bbox 840 3686 1001 3748; x_wconf 86' lang='lat' dir='ltr'>coniiciant</span> <span class='ocrx_word' id='word_1_321' title='bbox 1022 3707 1081 3750; x_wconf 92' lang='lat' dir='ltr'>neu</span> <span class='ocrx_word' id='word_1_322' title='bbox 1102 3687 1227 3769; x_wconf 87' lang='lat' dir='ltr'>propius</span> 
     </span>
     <span class='ocr_line' id='line_1_41' title="bbox 156 3772 1226 3853; baseline 0.004 -21"><span class='ocrx_word' id='word_1_323' title='bbox 156 3793 187 3832; x_wconf 78' lang='lat' dir='ltr'>so</span> <span class='ocrx_word' id='word_1_324' title='bbox 201 3772 346 3833; x_wconf 91' lang='lat' dir='ltr'>accedant</span> <span class='ocrx_word' id='word_1_325' title='bbox 373 3781 420 3846; x_wconf 91' lang='lat' dir='ltr'>et,</span> <span class='ocrx_word' id='word_1_326' title='bbox 456 3792 546 3853; x_wconf 88' lang='lat' dir='ltr'>quam</span> <span class='ocrx_word' id='word_1_327' title='bbox 567 3773 599 3834; x_wconf 92' lang='lat' dir='ltr'>iu</span> <span class='ocrx_word' id='word_1_328' title='bbox 621 3781 741 3851; x_wconf 88' lang='lat' dir='ltr'>partem</span> <span class='ocrx_word' id='word_1_329' title='bbox 764 3772 896 3834; x_wconf 87' lang='lat' dir='ltr'>Romani</span> <span class='ocrx_word' id='word_1_330' title='bbox 917 3772 1062 3853; x_wconf 90' lang='lat' dir='ltr'>impetum</span> <span class='ocrx_word' id='word_1_331' title='bbox 1083 3773 1226 3850; x_wconf 84' lang='lat' dir='ltr'>iecerint,</span> 
     </span>
     <span class='ocr_line' id='line_1_42' title="bbox 201 3856 1228 3938; baseline 0.005 -22"><span class='ocrx_word' id='word_1_332' title='bbox 201 3856 322 3917; x_wconf 89' lang='lat' dir='ltr'>cedant:</span> <span class='ocrx_word' id='word_1_333' title='bbox 346 3857 471 3919; x_wconf 79' lang='lat' dir='ltr'>levitate</span> <span class='ocrx_word' id='word_1_334' title='bbox 494 3877 645 3920; x_wconf 85' lang='lat' dir='ltr'>armorum</span> <span class='ocrx_word' id='word_1_335' title='bbox 669 3866 700 3920; x_wconf 91' lang='lat' dir='ltr'>et</span> <span class='ocrx_word' id='word_1_336' title='bbox 721 3857 897 3938; x_wconf 88' lang='lat' dir='ltr'>quotidiana</span> <span class='ocrx_word' id='word_1_337' title='bbox 919 3858 1134 3922; x_wconf 87' lang='lat' dir='ltr'>exercitatione</span> <span class='ocrx_word' id='word_1_338' title='bbox 1150 3859 1228 3921; x_wconf 91' lang='lat' dir='ltr'>nihil</span> 
     </span>
     <span class='ocr_line' id='line_1_43' title="bbox 199 3941 1226 4026; baseline 0.004 -23"><span class='ocrx_word' id='word_1_339' title='bbox 199 3941 239 4004; x_wconf 86' lang='lat' dir='ltr'>iis</span> <span class='ocrx_word' id='word_1_340' title='bbox 255 3942 355 4005; x_wconf 92' lang='lat' dir='ltr'>noceri</span> <span class='ocrx_word' id='word_1_341' title='bbox 369 3963 474 4022; x_wconf 89' lang='lat' dir='ltr'>posse:</span> <span class='ocrx_word' id='word_1_342' title='bbox 497 3963 602 4008; x_wconf 88' lang='lat' dir='ltr'>rursus</span> <span class='ocrx_word' id='word_1_343' title='bbox 617 3965 651 4007; x_wconf 90' lang='lat' dir='ltr'>se</span> <span class='ocrx_word' id='word_1_344' title='bbox 667 3946 707 4006; x_wconf 91' lang='lat' dir='ltr'>ad</span> <span class='ocrx_word' id='word_1_345' title='bbox 723 3945 811 4026; x_wconf 84' lang='lat' dir='ltr'>signa</span> <span class='ocrx_word' id='word_1_346' title='bbox 825 3944 1004 4025; x_wconf 83' lang='lat' dir='ltr'>recipientes</span> <span class='ocrx_word' id='word_1_347' title='bbox 1019 3945 1226 4026; x_wconf 81' lang='lat' dir='ltr'>insequantur.</span> 
     </span>
    </p>
   </div>
   <div class='ocr_carea' id='block_1_4' title="bbox 0 0 1312 4492">
    <p class='ocr_par' dir='ltr' id='par_1_4' title="bbox 0 0 1312 4492">
     <span class='ocr_line' id='line_1_44' title="bbox 0 0 1312 4492; baseline 0 0"><span class='ocrx_word' id='word_1_348' title='bbox 0 0 1312 4492; x_wconf 95' lang='lat' dir='ltr'> </span> 
     </span>
    </p>
   </div>
  </div>
 </body>
</html>
