2616 4492
412 306 482 354 uns.
498 308 546 355 vr.
570 307 646 355 car.
663 290 757 353 3-8.
1053 284 1096 351 93

78 466 136 528 que
162 445 308 520 incendit,
337 464 445 526 magno
468 447 583 526 pecoris
606 454 698 526 atque
718 445 873 507 hominum
896 463 1017 506 numero
1039 462 1096 525 pc-

78 533 161 595 titur.
211 529 329 602 Quibus
358 533 448 594 rebus
476 533 570 594 coacti
592 532 726 612 Menapii
748 532 864 612 legatos
888 533 927 592 ad
950 549 1016 591 eum
1038 551 1096 610 pa-

80 620 121 681 cis
154 620 302 699 petendae
335 637 428 680 causa
456 619 587 680 mittunt.
631 617 687 678 Ille
710 618 862 679 obsidibus
885 619 1015 696 acceptis
1038 618 1096 678 ho-

80 705 170 768 stium
199 724 232 765 se
258 704 430 765 habiturum
454 724 575 766 numero
598 704 769 778 confirmat,
804 705 829 764 si
859 713 912 765 aut
936 703 1095 765 Ambiori-

78 811 145 872 gem
179 799 233 851 aut
259 790 321 851 eius
349 790 462 870 legatos
490 791 598 852 finibus
622 789 684 850 suis
706 791 899 870 recepissent.
943 790 1000 850 His
1024 809 1125 850 con-a

78 877 205 938 firmatis
232 878 321 937 rebus
350 876 516 938 Commium
544 878 724 938 Atrebatem
747 898 812 938 oum
832 873 971 1024 'atu
994 886 1097 937 custo-

80 964 219 1039 dis,loco
251 963 283 1023 in
315 963 466 1043 Menapiis
495 963 650 1044 relinquit,
679 963 745 1042 ipse
772 965 803 1027 in
913 981 978 1023 eros
1001 963 1095 1042 profi-

77 1048 207 1111 discitur.

142 1135 223 1196 Dum
251 1135 325 1195 haec
346 1154 366 1195 a
387 1134 518 1196 Caesare
541 1154 611 1215 geru
721 1134 846 1195 Treveri
868 1137 985 1216 magnis
1008 1136 1127 1198 coac-⁷

79 1222 119 1283 tis
146 1221 299 1300 peditatus
327 1220 537 1302 equitatusque
565 1221 630 1301 copi
730 1220 853 1281 ¹bienum
876 1240 942 1282 cum
965 1243 1026 1284 una
1048 1224 1095 1285 le-
1110 1242 1139 1281 ro

78 1308 180 1388 gione,
215 1326 291 1386 quae
316 1306 348 1367 iu
376 1327 475 1369 eorum
504 1307 612 1368 finibus
634 1308 835 1379 hremaverat,
870 1309 982 1369 adoriri
1003 1329 1096 1390 para-

78 1396 169 1466 bant,
197 1393 315 1474 iamque
343 1393 382 1454 ab
405 1413 439 1454 eo
462 1414 522 1455 non
545 1393 660 1473 longius
682 1393 766 1453 bidui
788 1393 840 1453 via
863 1395 1004 1467 aberant,
1028 1415 1096 1457 cum

79 1481 155 1541 duas
178 1479 297 1540 venisse
318 1479 450 1558 legiones
472 1480 566 1540 missu
589 1479 729 1541 Caesaris
753 1489 943 1559 cognoscunt.
980 1481 1095 1543 Positis

75 1566 185 1627 castris
207 1585 227 1626 a
248 1565 366 1626 milibus
388 1585 531 1645 passuum
554 1542 720 1645 quinddoim
743 1565 855 1627 auxilia
878 1564 1096 1630 Germanorum

79 1659 253 1732 exspectare
281 1651 473 1712 constituunt.
523 1651 676 1712 Labienus
709 1651 841 1712 hostium
874 1653 991 1731 cognito
1020 1673 1095 1714 con·
1110 1672 1138 1710 rs

78 1738 148 1800 silio
173 1737 492 1816 speransterneritate
515 1756 615 1797 eorum
637 1740 700 1797 lore
723 1737 762 1797 al'
808 1756 856 1797 am
872 1738 1033 1800 dimicandi
1047 1742 1096 1801 fa·
1110 1760 1123 1772 ‘

80 1823 222 1884 cultatem
245 1822 395 1902 praesidio
418 1824 546 1903 quinque
569 1823 734 1884 cohortium
753 1756 978 1901 *pedimentis
992 1826 1096 1887 relicto

77 1928 146 1971 curn
180 1923 256 1968 xxv
289 1909 446 1970 cohortibu
489 1929 539 1970 ma
581 1928 657 1988 oque
685 1909 833 1988 equitatu·
847 1919 952 1971 contra
978 1912 1095 1972 hostem

79 1994 278 2076 proficiscitur
306 2004 341 2055 et
373 1995 453 2056 mille
485 2015 541 2075 pas
599 2015 629 2055 m
660 1995 831 2056 intermisso
865 1997 963 2076 spatio
997 2006 1097 2059 castra

77 2081 251 2143 communit
306 2081 383 2143 Erat
405 2082 495 2143 inter
526 2082 553 2142 L
597 2081 693 2142 'enum
722 2090 812 2161 atque
839 2082 957 2143 hostem
985 2083 1095 2145 difficili
1109 2102 1141 2141 no

78 2168 211 2230 transitu
247 2167 356 2228 flumen
394 2168 526 2248 ripisque
544 2083 741 2315 *erupis
805 2169 872 2229 Hoc
904 2189 998 2250 neque
1030 2170 1095 2250 ipse

78 2255 208 2315 transire
239 2254 373 2315 habebat
398 2255 430 2315 in
458 2255 557 2317 animo
602 2273 676 2334 eque
698 2254 801 2315 hostes
825 2255 1005 2318 transituros
1029 2256 1095 2318 exi-

79 2341 232 2402 stimabat.
282 2340 463 2421 Augebatdr
490 2341 669 2402 auxiliorum
698 2340 830 2420 quotidie
857 2361 936 2421 spes.
981 2343 1097 2422 Loqui-

76 2436 128 2488 tur
159 2429 190 2488 iu
223 2427 346 2488 consilio
374 2427 490 2507 palam,
525 2427 666 2508 quoniam
690 2425 836 2488 Germani
857 2428 1096 2509 adpropinquare

75 2513 228 2588 dicantur,
257 2533 323 2575 sese
352 2533 422 2575 suas
446 2509 650 2594 exercitusq&
678 2514 815 2574 fortunas
837 2513 869 2575 in
892 2515 1013 2577 dubium
1036 2534 1096 2576 non
1110 2534 1139 2572 os

73 2601 291 2661 devocaturum
320 2608 350 2660 et
376 2609 496 2679 postero
525 2601 571 2661 die
598 2599 697 2678 prima
724 2600 791 2660 luce
813 2610 914 2662 castra
936 2611 1095 2664 moturum.

77 2684 223 2747 Celeriter
244 2685 319 2745 haec
341 2687 379 2746 ad
401 2687 506 2747 hostes
528 2688 711 2759 defamatur,
739 2694 773 2746 ut
796 2705 834 2747 ex
856 2706 963 2767 magno
986 2687 1095 2749 Gallo-

76 2767 165 2832 .er
179 2771 313 2850 equitnm
346 2789 470 2832 numero
504 2771 663 2833 nonnullos
692 2770 850 2835 Gallorum
877 2775 966 2835 rebus
993 2776 1096 2835 lavere

79 2864 190 2915 natura
212 2856 346 2932 cogebat.
383 2839 648 2938 Labienuarinctu
670 2858 800 2919 tribunis
823 2859 951 2920 militum
972 2861 1096 2939 primis·

73 2960 136 3020 que
160 2939 313 3000 ordinibus
336 2942 523 3016 convocetis,
558 2943 628 3022 quid
656 2943 701 3004 sui
729 2945 769 3004 sit
791 2944 922 3018 consilii,
956 2946 1098 3026 proponit
1111 2966 1141 3005 oo

78 3035 126 3099 et,
150 3044 207 3105 quo
229 3025 348 3086 facilius
369 3025 508 3087 hostibus
531 3028 647 3089 timoris
671 3030 723 3090 det
744 3030 959 3109 suspicionem,
984 3032 1097 3093 maiore

74 3112 208 3192 strepitu
242 3119 273 3172 et
305 3111 449 3186 tumultu,
484 3131 572 3191 quam
600 3114 703 3193 populi
730 3115 860 3176 Romani
887 3117 945 3178 lert
968 3136 1097 3179 consue·

79 3199 167 3272 tudo,
192 3206 294 3258 castra
315 3197 429 3258 moveri
451 3197 543 3259 iubet.
587 3199 645 3260 His
668 3201 757 3261 rebus
779 3203 867 3282 fugae
883 3202 1009 3264 similem
1024 3222 1099 3282 pro-

73 3285 238 3346 ¹lectionem
261 3283 364 3344 effecit.
409 3284 495 3345 Haec
517 3304 633 3365 quoqne
654 3305 708 3365 per
730 3287 934 3364 exploratores
957 3298 1028 3349 ante
1050 3288 1099 3350 lu·

72 3390 143 3433 cem
164 3370 196 3432 in
218 3379 307 3431 tauta
320 3370 544 3450 propinquitate
559 3380 724 3433 castrorum
741 3375 780 3434 ad
794 3373 899 3435 hostes
915 3376 1096 3438 deferuntur.
1111 3396 1141 3437 oo

143 3457 207 3518 Vix
229 3476 341 3537 agmen
365 3457 561 3519 novissimum
584 3467 669 3519 extra
690 3459 871 3520 munitiones
894 3466 1129 3547 processerat,8

72 3563 145 3604 cum
178 3541 262 3604 Galli
295 3543 444 3605 cohortati
465 3544 544 3606 inter
566 3564 614 3619 se,
649 3563 686 3605 ne
715 3555 866 3625 speratam
893 3549 1038 3627 praedam
1062 3566 1099 3610 ex

76 3630 217 3691 manibus
240 3629 424 3691 dimitterent
443 3650 499 3691 -ε
529 3631 650 3710 longum
673 3651 740 3692 esse
762 3633 928 3711 perterritis
950 3633 1097 3695 Romanis

78 3715 297 3777 Germanorum
320 3717 462 3777 auxilium
486 3728 675 3798 exspectare,
699 3737 795 3798 neque
818 3739 903 3781 suam
919 3720 983 3799 pati
998 3720 1097 3801 digni·
1126 3730 1129 3737 '

79 3809 189 3874 tatem,
223 3811 257 3863 ut
284 3802 379 3863 tantis
407 3804 499 3882 copiis
527 3814 590 3865 tam
614 3804 752 3884 exiguam
775 3824 897 3866 manum
919 3807 1097 3889 praesertim
1111 3830 1140 3869 ro

78 3887 238 3967 fugientem
267 3898 358 3968 atque
385 3889 561 3968 impeditam
589 3891 698 3952 adoriri
720 3910 780 3952 non
804 3893 950 3966 audeaut,
974 3928 1016 3939 -
1038 3894 1097 3956 llu-

79 3991 147 4035 men
169 3974 298 4036 transire
320 3984 350 4036 et
370 3975 472 4056 iniquo
495 3976 559 4038 loco
583 3977 766 4038 committere
788 3979 935 4059 proelium
957 3998 1017 4041 non
1041 3982 1098 4042 du·
