2616 4492
364 295 924 361 mmmffi-mm
1089 296 1152 362 m

129 452 163 514 in
185 449 289 512 Remis
313 452 464 526 conlocat,
488 471 526 512 ne
548 471 638 532 quam
660 452 699 513 ab
722 451 855 514 finitimis
876 451 1047 514 Bellovacis
1067 452 1151 515 osla-

131 538 269 598 mitatem
292 538 449 618 aocipiant
490 537 604 607 (laium¹
622 537 792 599 Antistium
814 538 965 619 Reginum
986 538 1019 600 in
1039 538 1151 601 Ambi-

130 632 271 697 varetos,
306 625 407 685 Titum
435 623 571 686 Sextium
597 625 629 685 in
656 625 819 704 Bituriges,
854 623 965 686 Gaium
993 624 1152 687 Caninium

131 710 272 785 Rebilqm
294 710 325 771 in
347 711 484 772 Rutenos
507 730 573 772 cum
595 710 720 790 singulis
735 710 900 791 legionibus
915 712 1018 773 mittit.
1052 709 1152 781 Quin-

132 805 197 857 tum
232 796 362 857 Tullium
396 797 570 859 Ciceronem
598 807 628 858 et
654 797 794 858 Publium
817 797 980 878 Sulpicium
1003 797 1181 860 Cavillonis

133 891 165 943 et
186 883 356 944 Matiscone
377 885 409 945 in
431 884 548 945 Aeduis
571 886 611 946 ad
631 883 757 945 Ararim
778 884 822 946 rei
835 885 1046 946 frumentariae
1061 905 1154 948 causa

132 968 279 1030 conlocat.
323 970 393 1050 Ipse
415 971 575 1032 Bibractae
597 971 731 1032 hiemare
754 971 921 1032 constituit

168 1055 278 1202 ddHtis
284 1056 392 1118 litteris
420 1057 547 1138 cognitis
569 1057 686 1119 Romae
708 1057 821 1118 diemm
843 1056 950 1138 viginti
972 1057 1152 1137 supplicatio

132 1161 166 1202 re
209 1149 270 1202 rtur

506 1436 662 1532 ιιιιιιι
687 1446 790 1546 unt

452 1646 509 1740 A.
542 1645 838 1743 HIRTII.

201 1814 329 1875 Coactus
353 1814 486 1876 adsiduis
509 1815 569 1876 tuis
592 1815 731 1887 vocibus,
753 1814 863 1886 Balbe,
891 1828 957 1874 cum
980 1814 1155 1894 quotidiana

134 1919 205 1961 mea
227 1900 374 1961 recusatio
397 1919 458 1960 non
481 1901 665 1962 difficultatis
689 1901 926 1974 excusationem,
953 1902 1007 1962 sed
1028 1901 1154 1963 inertiae

117 1987 289 2048 rideretur
311 1985 549 2066 deprecationem
570 1988 698 2062 habere,
721 2008 784 2050 rem
806 1983 1011 2049 difficillimam
1027 1988 1154 2068 suscepi.

135 2072 277 2134 Caesaris
299 2073 395 2135 nostri
416 2075 645 2136 commentarios
667 2093 765 2136 rerum
788 2083 939 2154 gestarum
959 2073 1078 2136 Galliae
1093 2094 1199 2137 nonno

134 2160 324 2239 comparibus
359 2160 560 2239 superioribus
593 2157 685 2241 atque
711 2161 936 2242 insequentibus
964 2161 1027 2222 eius
1055 2161 1153 2241 scrip-

134 2246 176 2306 tis
205 2247 343 2309 contexui
369 2246 625 2328 novissimumque
652 2244 858 2326 imperfectum
886 2248 925 2308 ab
947 2249 1038 2310 rebus
1061 2247 1154 2328 ¹gestis
1211 2326 1212 2329 Ἴ

136 2330 343 2396 Alexandriae
370 2333 482 2396 confeci
509 2354 604 2415 usque
631 2334 671 2395 ad
698 2334 810 2395 exitum
832 2344 892 2395 non
914 2333 1035 2413 quidem
1057 2329 1154 2397 civilis

135 2418 348 2493 dissensionis,
371 2421 455 2486 ciuus
477 2421 567 2482 finem
590 2420 705 2502 nullum
726 2420 878 2493 videmus3
902 2421 956 2481 sed
976 2417 1058 2482 uitae
1074 2419 1154 2482 Cae-

135 2505 222 2566 saris.
268 2503 353 2575 Quos
380 2508 496 2569 abnam
525 2507 575 2588 qui
602 2506 702 2587 legent
729 2507 804 2568 scire
826 2506 959 2586 possint,
988 2525 1079 2587 quam
1106 2506 1155 2568 in-
1168 2530 1198 2570 ιι

134 2591 216 2654 ritus
239 2593 422 2673 susceperim
443 2593 633 2666 scribendos,
657 2613 715 2674 quo
736 2593 853 2656 facilius
876 2592 1157 2678 careamstultitiae

135 2686 227 2757 atque
253 2679 443 2758 arrogantiae
471 2680 607 2754 crimine,
642 2680 694 2760 ‘qui
719 2699 767 2742 me
794 2679 901 2741 mediis
926 2679 1156 2758 interposuerim

136 2762 279 2824 Caesaris
313 2765 441 2843 scriptis.
490 2765 620 2827 Constat
647 2765 727 2827 enim
753 2767 831 2829 inter
858 2777 962 2827 omnes
990 2765 1065 2827 nihil
1093 2775 1156 2827 tam

136 2867 260 2926 operose
283 2850 322 2910 ab
345 2850 414 2911 aliis
437 2869 503 2912 esse
525 2850 703 2931 perlectum,
727 2854 807 2931 quod
829 2866 889 2914 non
911 2853 1017 2913 homm
1033 2852 1156 2932 elegan-

136 2933 182 2994 tia
203 2935 483 2996 commentariorum
505 2934 672 3014 superetur.
716 2934 777 3007 Qui
799 2946 871 3001 sunt
893 2937 980 3011 editi,
1003 2958 1042 2999 ue
1057 2938 1156 3000 scien-
1170 2961 1200 3000 ao

136 3020 181 3082 tia
203 3029 358 3083 tantarum
379 3041 478 3083 rerum
500 3020 694 3100 scriptoribus
717 3024 810 3097 desit,
834 3025 969 3105 adeoque
990 3026 1158 3104 probantur

138 3106 270 3168 omnium
292 3107 418 3182 iudicio,
441 3116 475 3169 ut
489 3116 664 3188 praerepta,
687 3110 748 3172 non
762 3109 902 3209 praebita
915 3110 1044 3172 facultas
1059 3111 1156 3189 scrip-

136 3193 253 3256 toribus
286 3155 433 3256 videatur.
478 3193 570 3255 Cuius
603 3203 706 3256 tamen
738 3196 781 3256 rei
815 3196 911 3258 maior
938 3200 1045 3259 nostra
1066 3214 1159 3275 quam

136 3280 318 3360 reliquorum
341 3290 388 3342 est
409 3277 585 3342 ιἰιιιιιιιιιοι
620 3275 710 3342 ceteri
733 3282 827 3352 enim,
856 3300 947 3362 quam
968 3272 1056 3371 becq-
1061 3286 1187 3363 atqu·¹
1198 3278 1206 3349 j

137 3368 278 3428 emendat
265 3375 309 3443 te,
333 3388 388 3430 nos
412 3376 443 3429 et
430 3367 520 3442 t,iam
544 3385 633 3447 quam
654 3367 743 3428 facile
765 3377 857 3448 atque
871 3368 1004 3429 celeriter
1018 3358 1071 3429 doe
1084 3380 1162 3447 pecu
1168 3380 1247 3445 qt..

136 3453 255 3528 iecerit,
279 3454 400 3516 scimus.
444 3454 523 3516 Erat
545 3462 645 3515 autem
666 3454 713 3515 in
720 3454 851 3516 Caesare
873 3473 939 3516 cum
961 3451 1090 3516 facultas
1106 3454 1177 3521 aba
1223 3468 1226 3473 '

137 3558 194 3619 que
228 3540 379 3621 elegantia
412 3543 529 3602 summa
556 3538 720 3614 scribendi,
754 3550 820 3602 tum
846 3540 1006 3602 verissima
1031 3538 1164 3602 scientia·

137 3645 259 3688 suorum
293 3628 484 3690 consiliorum
517 3626 769 3706 explicandorum.
819 3627 896 3688 Mihi
923 3647 961 3688 ne
987 3627 1063 3688 illud
1090 3627 1157 3707 qui-

139 3713 206 3773 dem
229 3714 350 3787 accidit,
373 3723 408 3775 ut
429 3713 638 3776 Alexandrino
662 3715 752 3795 atque
774 3713 919 3776 Africano
934 3713 1036 3774 bello
1028 3722 1157 3776 interes·

139 3817 217 3872 sem;
240 3820 318 3879 quae
339 3762 421 3862 bella
442 3819 624 3881 quamquam
648 3818 685 3862 ex
705 3810 793 3880 parte
816 3800 903 3861 nobis
926 3800 1069 3862 Caesaris
1092 3819 1157 3863 ser·
1171 3824 1200 3864 ro

138 3903 226 3947 mone
259 3898 329 3949 sunt
361 3897 450 3960 nota,
483 3895 586 3948 tamen
621 3887 711 3949 aliter
744 3887 882 3949 audimus
917 3907 968 3959 ea,
1003 3906 1080 3967 quae
1107 3907 1158 3953 ra-

138 3989 204 4032 mm
232 3973 366 4035 novitate
387 3970 440 4035 dut
467 3973 670 4037 admiratione
699 3979 754 4037 nos
782 3971 919 4053 capiunt,
954 3972 1053 4047 adar.
1081 3960 1159 4055 ᾗ
