2616 4492
210 269 253 333 28
539 284 588 331 nn
609 283 725 332 nanno
749 283 904 333 caturco

210 422 389 486 Suessiones
422 423 557 503 quidem,
590 425 700 486 iratres
734 424 1029 505 consanguineosque
1057 442 1145 497 suos,
1180 423 1233 504 qui

210 511 313 570 eodem
345 510 410 571 iure
443 518 474 571 et
506 509 611 571 iisdem
640 510 755 591 legibus
784 520 918 584 utantur,
952 529 1045 572 unum
1072 510 1232 589 imperium

209 615 360 675 unumque
387 597 597 676 magistratum
625 616 691 658 cum
718 597 793 676 ipsis
815 597 963 672 habeant,
999 598 1148 658 deterrere
1170 616 1229 676 po-

209 682 338 758 tuerint,
360 683 434 763 'quin
456 702 522 743 cnm
544 682 592 744 his
615 684 826 744 consentirent.

180 779 200 829 4
274 769 350 830 Cum
379 770 418 830 ab
445 769 493 829 his
521 779 688 849 quaereret,
723 790 798 850 quae
825 769 964 830 civitates
987 776 1175 848 quantaeque
1197 768 1230 829 in

178 855 301 923 earinis
336 864 437 917 essent
469 865 500 915 et
532 856 602 935 quid
635 856 667 916 in
699 856 776 917 bello
803 865 945 935 possent,
973 855 1017 915 sic
1043 855 1228 933 reperiebat:

208 941 368 1022 plerosque
400 941 511 1021 Belgas
545 962 612 1003 esse
646 951 728 1003 ortos
762 943 800 1003 ab
835 940 995 1003 Germanis
1028 940 1229 1021 Rhenumque

208 1028 374 1108 antiquitus
397 1029 552 1089 traductos
575 1037 697 1107 propter
719 1028 775 1089 loci
796 1028 984 1089 fertilitatem
999 1027 1041 1088 ibi
1056 1027 1229 1088 consedisse

209 1112 389 1194 Gallosque,
414 1114 464 1194 qui
487 1134 523 1175 ea
544 1114 610 1175 loca
624 1115 802 1186 incolerent,
827 1114 978 1193 expulisse
993 1113 1133 1192 solosque
1149 1133 1227 1189 esse,

169 1220 194 1259 ro
208 1200 258 1279 qui
280 1209 400 1280 patrum
422 1209 593 1262 nostrorum
616 1201 758 1262 memoria
780 1201 860 1261 omni
883 1199 985 1261 Gallia
1006 1209 1120 1261 vexata
1142 1201 1228 1261 Teu-

207 1295 297 1347 tonos
330 1286 525 1366 Cimbrosque
558 1287 639 1348 intra
665 1288 739 1348 fines
768 1307 838 1348 suos
867 1286 983 1367 ingredi
1004 1286 1227 1365 prohibuerint;

207 1391 268 1452 qna
296 1392 333 1434 ex
360 1392 392 1433 re
413 1373 494 1446 fieri,
523 1373 568 1434 uti
591 1393 694 1434 earum
715 1393 815 1434 rerum
838 1374 983 1435 memoria
1005 1391 1146 1452 magnam
1169 1373 1228 1435 sibi

207 1459 418 1520 auctoritatem
445 1479 628 1539 magnosque
656 1460 779 1539 spiritus
807 1460 838 1520 in
866 1479 897 1520 re
920 1459 1043 1520 militari
1066 1466 1226 1520 sumerent.

205 1544 253 1606 De
275 1565 399 1606 numero
423 1565 525 1607 eornm
548 1546 650 1606 omnia
672 1566 705 1607 se
726 1547 838 1607 habere
861 1546 1018 1625 explorata
1038 1545 1127 1607 Remi
1143 1545 1226 1606 dice-

167 1652 192 1691 ro
205 1631 290 1706 bant,
312 1641 473 1712 propterea
488 1633 567 1712 quod
583 1632 858 1712 propinquitatibus
874 1632 1140 1711 adfinitatibusque
1153 1651 1227 1692 con-

204 1717 314 1793 iuncti,
349 1728 495 1798 quantam
522 1719 648 1798 quisque
675 1719 897 1779 multitudinem
924 1719 955 1780 in
982 1718 1130 1779 communi
1151 1717 1226 1778 Bel·

205 1823 310 1883 garum
344 1805 467 1866 concilio
501 1807 541 1866 ad
568 1805 598 1865 id
625 1806 645 1866 b
788 1805 915 1866 ollicitus
939 1805 994 1877 sit,
1023 1805 1225 1884 cognoverint

204 1889 372 1953 Plurimum
405 1892 483 1952 inter
513 1911 564 1952 eos
591 1892 635 1952 Be
799 1902 829 1953 et
856 1892 967 1953 virtute
990 1900 1021 1951 et
1043 1890 1226 1952 auctoritate

205 1985 236 2037 et
262 1978 417 2038 hominum
449 1997 572 2038 numero
601 1998 620 2037 v
771 1998 804 2040 os
826 1999 916 2058 posse
939 1979 1083 2039 conficere
1106 1985 1226 2038 armata

162 2084 190 2122 ao
204 2063 288 2124 milia
320 2073 454 2137 centum,
488 2063 636 2141 pollicitos
746 2084 909 2126 onumero
932 2065 1026 2126 electa
1049 2063 1223 2143 sexaginta,

204 2148 356 2228 totiusque
383 2148 454 2210 belli
481 2149 639 2228 imperium
662 2151 720 2212 sibi
742 2152 904 2229 postulare.
950 2150 1129 2212 Suessiones
1152 2168 1224 2210 suos

204 2254 271 2296 esse
294 2235 451 2307 finitimos,
475 2234 640 2297 latissimos
662 2236 923 2317 feracissimosque
946 2256 1034 2317 agros
1056 2235 1223 2316 possidere.

202 2320 296 2401 Apud
319 2341 370 2382 eos
391 2323 484 2383 fuisse
506 2342 606 2403 regem
629 2332 734 2383 nostra
756 2323 847 2383 etiarn
871 2323 1013 2383 memoria
1026 2323 1222 2395 Divitiacum,

203 2408 296 2470 totins
330 2407 450 2469 Galliae
482 2409 740 2489 potentissimum,
780 2409 831 2488 qui
864 2429 930 2470 curn
965 2427 1091 2488 magnae
1123 2409 1223 2488 partis

160 2517 190 2556 aa
203 2494 309 2555 harum
333 2495 485 2576 regionum
508 2506 572 2555 tum
595 2495 685 2555 etiam
708 2495 884 2556 Britanniae
906 2495 1063 2575 imperium
1080 2495 1223 2556 obtinue-

203 2581 256 2643 rit:
281 2601 360 2642 nunc
382 2601 448 2642 esse
470 2600 568 2661 regem
592 2580 738 2642 Galbam:
768 2583 909 2643 adhunc
931 2591 1052 2661 propter
1074 2581 1222 2644 iustitiam

201 2668 452 2749 prudentiamque
475 2687 560 2728 suam
583 2667 677 2729 totius
700 2668 770 2729 belli
793 2687 940 2729 summam
963 2667 1094 2728 omnium
1111 2667 1221 2728 volun-

201 2762 266 2814 tate
299 2754 420 2826 delerri3
455 2754 564 2833 oppida
593 2753 704 2815 habere
726 2774 848 2815 numero
871 2770 941 2826 ΧΠ,
974 2753 1109 2833 polliceri
1137 2753 1222 2814 milia

202 2849 322 2901 armata
342 2855 381 2912 n;
414 2840 538 2901 totidem
560 2840 705 2914 Nervios,
730 2840 780 2921 qui
802 2841 931 2901 maxime
953 2840 1008 2900 ieri
1033 2839 1112 2900 inter
1135 2839 1220 2919 ipsos

160 2947 188 2986 ao
201 2926 372 2987 habeantur
386 2926 616 3007 longissimeque
631 2927 747 3001 absint3
771 2942 821 2987 xv
838 2927 920 2988 milia
934 2925 1115 2999 Atrebates,
1138 2924 1219 2987 Am-

201 3012 308 3073 bianos
330 3027 355 3072 x
378 3011 476 3087 milia,
510 3014 644 3074 Morinos
667 3029 746 3074 xxv
768 3014 866 3086 milia,
900 3013 1059 3092 Menapios
1082 3012 1218 3073 v11mi-

200 3098 255 3172 lia;
290 3097 410 3159 Caletes
433 3115 458 3158 x
482 3098 579 3173 milia,
612 3100 807 3162 Veliocasses
830 3109 861 3161 et
882 3100 1113 3161 Veromanduos
1141 3098 1218 3160 toti·

199 3185 283 3257 dem,
305 3185 482 3246 Aduatucos
505 3202 530 3246 x
554 3187 807 3259 etvr111milia3
831 3187 1018 3257 Condrusos,
1041 3185 1218 3258 Eburones,

200 3270 383 3345 Caeroesos,
412 3271 596 3345 Paemanos,
630 3273 681 3352 qui
708 3293 768 3334 uno
795 3273 915 3334 nornine
942 3272 1089 3334 Germani
1111 3271 1218 3351 appel-

154 3381 183 3420 π
198 3357 308 3430 lantur,
332 3357 473 3418 arbitrari
495 3359 534 3419 ad
556 3373 604 3418 XL
628 3359 719 3420 milia.

173 3451 189 3500 5
263 3443 377 3504 Caesar
403 3443 517 3505 Remos
545 3446 718 3507 cohortatus
741 3443 961 3524 liberaliterque
985 3444 1121 3506 oratione
1143 3462 1217 3523 pro-

199 3538 318 3590 secutus
347 3549 465 3590 omnem
499 3541 638 3592 senatum
671 3532 711 3593 ad
744 3551 776 3593 se
803 3531 959 3592 convenire
992 3531 1217 3610 principumque

198 3614 308 3676 liberos
337 3615 456 3677 obsides
479 3618 519 3677 ad
541 3636 574 3678 se
597 3618 704 3679 adduci
725 3618 821 3679 iussit.
867 3615 953 3686 Quae
982 3617 1084 3679 omnia
1106 3618 1144 3678 ab
1167 3616 1216 3679 his

198 3700 355 3781 diligenter
382 3703 420 3763 ad
448 3703 526 3764 diem
548 3704 628 3764 facta
650 3713 730 3765 sunt.
773 3705 844 3783 Ipse
864 3704 1049 3765 Divitiacum
1071 3703 1216 3766 Aedunm

155 3817 184 3856 40
197 3805 374 3866 magnopere
408 3790 582 3850 cohortatus
615 3791 717 3861 docet,
750 3800 862 3870 quanto
891 3810 981 3870 opere
1008 3791 1051 3853 rei
1077 3790 1215 3870 publicae

197 3873 419 3954 communisque
442 3875 548 3936 salutis
570 3875 691 3938 intersit
717 3896 824 3938 manus
845 3877 978 3938 hostium
1004 3877 1152 3951 distineri,
1174 3895 1215 3938 no

196 3978 267 4021 cum
286 3967 374 4021 tanta
396 3961 586 4024 multitudine
608 3982 667 4025 uno
689 3972 823 4044 tempore
845 3964 1061 4044 confligendum
1084 3964 1132 4026 sit
1156 3963 1213 4024 ·Id
