2616 4492
172 259 234 324 126
499 274 548 321 nn
570 271 689 320 nunno
712 270 869 319 caturco

170 422 413 497 permoveantur,
436 412 638 493 cupidissimis
660 411 799 474 omnibus
820 428 1000 492 progressus
1023 408 1108 470 milia
1121 429 1201 489 pas-

171 522 258 565 suum
291 514 368 561 xxv
397 518 504 580 agmen
532 498 708 560 Aeduorum
735 498 926 578 conspicatus
954 495 1090 558 immisso
1112 495 1202 576 equi-

170 597 240 651 tatu
261 587 320 649 iter
342 605 444 648 eorum
467 594 603 647 moratur
626 594 718 665 atque
732 584 859 664 impedit
873 582 1083 663 interdicitque
1099 581 1201 644 omui-

171 677 245 749 buS,
279 693 318 734 ne
351 691 532 754 quemqnam
560 671 751 733 interficiant.
795 669 1030 751 Eporedorigem
1059 677 1089 729 et
1110 668 1203 731 Viri-

143 763 349 833 odomarum,
374 778 449 839 quos
471 758 711 819 illiinterfectos
735 757 966 828 existimabant,
990 755 1068 816 inter
1083 755 1204 836 equites

133 864 136 869 ·
172 847 290 910 versari
313 864 442 925 suosque
465 844 619 925 appellare
641 845 733 906 iubet.
770 845 828 905 His
852 843 978 923 cognitis
1001 851 1033 902 et
1053 841 1205 903 Litavicci

164 933 281 997 fraude
302 939 463 1011 perspecta
483 929 585 992 Aedui
607 950 715 992 manus
737 932 878 1003 tendere,
902 927 1085 991 deditionem
1106 927 1205 1008 signi-

173 1021 263 1083 ficare
286 1028 317 1079 et
338 1017 478 1097 proiectis
507 1017 600 1079 armis
623 1024 750 1078 mortem
773 1015 925 1096 deprecari
947 1015 1100 1094 incipiunt.
1145 1014 1205 1076 Li-

173 1105 309 1168 taviccus
338 1123 405 1165 cum
435 1103 498 1164 suis
520 1103 694 1175 clientibus,
723 1103 833 1183 quibus
855 1121 939 1163 more
962 1099 1122 1163 Gallorum
1144 1120 1203 1162 ne-

131 1216 160 1256 m
173 1193 222 1254 las
245 1200 293 1252 est
314 1190 405 1251 etiam
427 1189 459 1250 in
482 1200 617 1251 extrema
637 1191 760 1251 fortuna
783 1190 921 1251 deserere
934 1195 1096 1268 patronos,
1120 1185 1205 1249 Ger·

175 1277 294 1360 goriam
316 1275 455 1357 profugit.

132 1369 165 1419 41
214 1404 217 1411 -
241 1364 356 1425 Caesar
378 1361 493 1423 nuntiis
516 1361 556 1423 ad
577 1361 731 1423 civitatem
746 1359 925 1435 Aeduorum
940 1359 1057 1435 missis,
1080 1358 1133 1440 qui
1147 1377 1205 1421 suo

175 1449 318 1514 beneficio
341 1457 535 1510 conservatos
558 1448 717 1522 docerent,
747 1467 822 1527 quos
850 1447 914 1508 iuro
939 1445 1013 1508 belli
1034 1445 1206 1508 interlicere

176 1537 344 1618 potuisset,
367 1535 524 1614 tribusque
546 1533 750 1596 horisuoctia
773 1533 916 1595 exercitui
938 1533 980 1602 ad
1000 1533 1132 1612 quietem
1146 1533 1206 1594 da·

134 1648 162 1686 rs
178 1623 218 1686 tis
240 1631 343 1685 castra
365 1622 406 1683 ad
428 1620 611 1701 Gergoviam
633 1620 737 1682 movit
780 1619 883 1681 Medio
904 1620 968 1681 fere
988 1618 1095 1680 itinere
1115 1618 1205 1698 equi-

178 1719 225 1772 tes
248 1729 269 1771 a
289 1708 386 1770 Fabio
408 1707 511 1781 missi,
545 1715 657 1787 quanto
686 1725 734 1768 res
761 1701 793 1768 iri
814 1705 946 1786 periculo
967 1705 1074 1779 fuerit,
1108 1723 1206 1785 expo-

178 1805 264 1859 nunt.
309 1793 441 1857 Summis
465 1794 559 1875 copiis
578 1803 684 1855 casua
699 1802 873 1873 oppugnata
889 1793 1115 1865 demonstrant,
1137 1809 1206 1852 cum

178 1883 281 1945 crebro
304 1880 415 1961 integri
437 1880 563 1941 defessis
586 1880 779 1942 succederent
801 1887 981 1957 nostrosque
1002 1877 1131 1939 adsiduo
1156 1877 1206 1938 la-

179 1971 252 2030 bore
275 1967 491 2047 defatigarent,
515 1966 624 2047 quibus
646 1975 770 2046 propter
785 1964 1021 2046 magnitudinem
1037 1972 1206 2026 castrorum

35 2051 38 2056 ’
134 2078 164 2118 ao
178 2062 324 2135 perpetuo
347 2062 429 2114 esset
450 2052 558 2114 iisdem
579 2051 612 2125 in
634 2051 716 2113 vallo
736 2051 990 2131 permanendum
1013 2050 1205 2112 multitudiue
1239 2126 1243 2135 ,

179 2140 359 2221 sagittarum
392 2146 483 2218 atque
511 2138 607 2199 omnis
636 2137 752 2219 generis
775 2138 903 2207 telorum
925 2137 1037 2200 multos
1059 2136 1204 2198 vulnera-

178 2235 245 2300 tos3
268 2225 405 2287 adhaec
427 2225 606 2286 sustinenda
627 2242 737 2304 magno
760 2224 828 2285 usui
842 2224 936 2286 fuisse
950 2231 1118 2297 tormenta3
1140 2223 1206 2285 Fa-

178 2311 261 2374 bium
289 2311 423 2373 discessu
452 2329 552 2372 eornm
580 2311 697 2372 duabus
719 2310 833 2372 relictis
856 2309 953 2391 portis
975 2310 1131 2372 obstruere
1153 2327 1205 2371 oe-

180 2408 264 2461 teras
285 2397 462 2478 pluteosque
484 2395 566 2458 vallo
589 2397 699 2458 addere
723 2405 753 2458 et
775 2416 809 2457 se
829 2396 862 2458 in
883 2405 1039 2476 posterum
1060 2395 1141 2457 diem
1162 2394 1206 2457 si-

137 2511 166 2549 au
182 2485 341 2564 milemqne
363 2502 467 2545 casnm
489 2501 647 2563 apparare.
683 2482 727 2544 Iis
742 2483 832 2544 rebus
848 2482 975 2564 cognitis
991 2482 1108 2545 Cacsar
1121 2500 1206 2544 aum-

181 2591 231 2634 mo
254 2570 354 2633 studio
377 2569 506 2631 militum
529 2577 600 2631 ante
622 2577 722 2630 ortum
744 2568 816 2630 solis
838 2569 870 2630 in
892 2578 995 2631 castra
1014 2567 1163 2649 pervenit

137 2664 172 2715 42
245 2658 324 2719 Dum
346 2656 423 2718 haec
444 2657 484 2717 ad
506 2655 690 2736 Gergoviam
712 2664 865 2735 geruntur,
888 2655 991 2717 Aedui
1005 2654 1111 2735 primis
1126 2673 1206 2716 nun·

181 2744 233 2807 tiis
266 2744 305 2805 ab
337 2741 493 2804 Litavicco
521 2741 652 2823 acceptis
680 2742 796 2803 nullum
825 2741 884 2803 sibi
906 2743 946 2803 ad
968 2740 1207 2822 cognoscendum

182 2829 315 2912 spatium
338 2828 515 2908 relinquunt
559 2827 693 2909 Impellit
715 2827 792 2890 alios
814 2827 959 2903 avaritia,
988 2827 1064 2890 alios
1085 2827 1208 2890 iracun-

138 2944 168 2983 ιο
183 2918 235 2980 dia
262 2925 293 2978 et
320 2914 491 2989 temeritas,
525 2934 604 2996 quae
637 2914 769 2979 maxime
795 2913 841 2976 illi
862 2914 1016 2976 hominnm
1038 2913 1140 2995 generi
1160 2920 1210 2975 eat

181 3005 306 3079 innata,
341 3011 377 3064 ut
403 3001 501 3063 levem
529 3000 714 3063 auditionem
746 3000 881 3064 habeant
907 3019 961 3081 pro
989 3020 1022 3062 re
1044 3007 1209 3082 comperta

182 3091 271 3156 Bona
303 3088 413 3150 civium
444 3087 653 3150 Romanorum
680 3086 840 3168 diripiunt,
873 3088 982 3149 caedes
1009 3086 1142 3158 faciunt,
1174 3086 1209 3148 in

183 3175 360 3239 servitutem
393 3174 585 3236 abstrabunt.
638 3172 777 3236 Adiuvat
803 3193 868 3237 rem
896 3172 1097 3254 proclinatam
1123 3171 1209 3235 Con-

184 3260 370 3324 victolitavis
402 3261 580 3340 plebemque
612 3261 811 3322 adiutorem
837 3259 981 3340 impellit,
1015 3267 1050 3322 ut
1075 3258 1209 3322 facinora

140 3373 169 3413 aa
185 3348 317 3411 admism
340 3347 379 3408 ad
401 3346 563 3408 sanitatem
590 3346 702 3409 reverti
722 3348 844 3426 pudeat
888 3347 931 3408 Μ.
954 3345 1121 3419 Aristium,
1151 3345 1211 3408 tri-

185 3437 298 3496 bunum
320 3432 464 3507 militum,
498 3432 557 3494 iter
584 3434 624 3495 ad
646 3432 793 3513 legionem
814 3432 974 3494 facientem
995 3433 1054 3495 lide
1075 3433 1151 3494 data
1170 3450 1212 3494 ax

185 3520 296 3601 oppido
329 3518 501 3586 Cauillono,
516 3519 661 3592 educunt;
694 3518 774 3579 idem
800 3520 898 3581 facere
926 3528 1035 3600 cogunt
1057 3537 1125 3593 eos,
1158 3518 1211 3600 qui

185 3606 359 3687 negotiandi
380 3625 473 3667 causa
494 3605 547 3670 ibi¹
559 3604 766 3668 constiterant.
804 3605 871 3667 Hos
893 3606 1036 3667 continuo
1056 3605 1090 3666 in
1102 3604 1211 3667 itincre

187 3693 287 3754 adorti
319 3691 456 3753 omnibus
484 3689 707 3771 impedimentis
736 3701 865 3766 exuuut3
899 3700 1102 3772 repugnantes
1130 3690 1222 3753 diom-

143 3803 174 3841 eo
187 3786 361 3857 noctemque
388 3777 542 3851 obsident;
576 3770 680 3839 multis
707 3776 856 3858 utrimque
877 3778 1044 3842 interfectis
1065 3777 1212 3840 maiorem

188 3863 408 3925 multitudinem
431 3873 617 3927 armatorum
639 3862 799 3926 concitant.
