2616 4492
221 277 282 341 136
544 292 592 340 nn
615 293 731 341 annuo
756 292 910 341 caturco

220 432 350 494 Caesare
384 432 483 514 legato
517 434 556 494 ad
590 452 691 494 omnes
718 441 822 513 partes
850 433 1088 513 opponebantur.
1137 432 1242 495 Helvii

220 539 277 581 sua
309 528 415 598 sponte
448 537 515 580 cum
547 519 683 581 finitimis
709 519 823 598 proelio
850 519 1002 599 congressi
1027 519 1183 598 pelluntur
1210 528 1243 579 et

222 606 300 667 Gaio
323 605 447 665 Valerio
469 606 683 680 Donnotauro‚
708 605 820 667 Caburi
842 606 918 679 filio,
941 605 1074 685 principe
1096 605 1241 678 civitatis,

221 690 483 771 compluribusque
516 692 584 752 aliis
617 692 780 753 interfectis
813 692 894 753 intra
927 691 1038 771 oppida
1070 711 1106 752 ao
1139 710 1243 753 muros

193 777 449 856 scompelluntur.
493 778 675 858 Allobroges
703 778 815 839 crebris
842 779 882 839 ud
903 779 1086 839 Rhodanum
1108 777 1244 857 disposi-

222 865 261 924 tis
295 864 452 941 praesidiis
486 884 595 945 magna
628 884 694 926 cum
727 884 799 926 cura
832 874 862 925 et
889 864 1044 945 diligentia
1070 883 1142 925 suos
1164 865 1243 926 fines

221 959 351 1011 tuentur.
403 950 525 1024 Caesar,
560 952 640 1031 quod
672 953 774 1012 hostes
808 951 944 1030 equitatu
976 950 1146 1030 superiores
1174 970 1246 1011 esse

221 1036 416 1115 intellegebat
443 1046 473 1097 et
500 1037 670 1099 interclusis
698 1038 836 1099 omnibus
864 1037 1020 1098 itineribus
1043 1036 1127 1097 nulla
1149 1056 1182 1098 re
1206 1056 1246 1099 ex

222 1122 377 1201 provincia
410 1132 499 1203 atque
527 1124 617 1185 Italia
644 1124 796 1185 sublevari
824 1132 960 1203 poterat,
995 1132 1078 1184 trans
1101 1122 1245 1185 Rhenum

180 1231 208 1269 ro
222 1208 254 1268 in
281 1207 477 1270 Germaniam
506 1211 599 1271 mittit
625 1212 664 1271 ad
687 1230 739 1271 eas
761 1210 914 1282 civitates,
943 1229 1018 1289 quas
1041 1209 1246 1288 superioribus

224 1295 311 1357 annis
339 1304 515 1373 pacaverat,
551 1297 724 1376 equitesque
752 1297 791 1357 ab
818 1296 865 1357 his
888 1295 1013 1356 arcessit
1035 1304 1066 1356 et
1087 1295 1164 1357 levis
1192 1315 1245 1357 ar-

224 1390 361 1442 maturae
384 1382 516 1459 pedites,
542 1383 591 1462 qui
612 1383 690 1443 inter
713 1401 764 1442 eos
786 1381 928 1460 proeliari
949 1389 1140 1443 consuerant.
1178 1382 1246 1443 Eo-

224 1487 289 1529 rum
314 1469 460 1539 adventu‚
485 1471 563 1548 quod
585 1469 683 1528 minus
705 1468 823 1529 idoneis
846 1468 930 1548 equis
950 1470 1123 1543 utebantur,
1148 1488 1167 1529 a
1189 1468 1246 1529 tri-

224 1554 312 1615 bunis
340 1554 469 1615 militum
496 1554 694 1633 reliquisque,
724 1555 777 1616 sed
800 1562 831 1615 et
853 1554 1001 1634 equitibus
1023 1554 1171 1616 Romanis
1195 1563 1246 1616 at-

183 1664 209 1701 ra
226 1660 283 1720 que
307 1641 439 1701 evocatis
463 1660 554 1720 equos
578 1640 668 1702 sumit
690 1639 907 1720 Germanisque
930 1640 1091 1702 distribuit

183 1733 216 1784 66
291 1727 427 1799 Interea,
457 1728 526 1788 dum
553 1728 629 1788 haec
656 1735 808 1807 geruntur,
837 1727 971 1787 hostium
993 1727 1097 1806 copiae
1120 1744 1160 1787 ex
1180 1725 1247 1787 Ar-

225 1813 326 1873 vernis
355 1813 543 1893 equitesque,
579 1813 628 1893 qui
651 1812 707 1875 toti
730 1812 849 1874 Galliae
873 1821 961 1874 erant
982 1811 1136 1892 imperati,
1172 1831 1247 1874 con-

226 1898 360 1959 veniunt.
404 1900 517 1979 Magno
550 1900 656 1960 borum
690 1909 793 1961 coacto
828 1919 957 1961 numero.
979 1919 1045 1960 cum
1074 1898 1192 1960 Caesar
1216 1899 1248 1959 in

227 1984 385 2063 Sequanos
412 2004 465 2063 per
487 1995 636 2047 extremos
658 1985 828 2066 Lingonum
850 1987 925 2047 fines
947 1987 1005 2047 iter
1025 1987 1154 2059 feceret,
1191 2003 1248 2065 quo

183 2097 213 2134 ao
226 2071 343 2131 facilius
377 2071 543 2132 subsidium
575 2072 748 2151 provinciae
779 2073 852 2134 ferri
881 2082 998 2151 posset,
1027 2072 1145 2133 circiter
1166 2071 1250 2132 milia

227 2176 372 2237 passuum
400 2172 425 2216 x
450 2158 487 2218 ab
510 2158 655 2219 Romanis
678 2158 765 2219 trinis
788 2159 896 2219 castris
919 2158 1149 2237 Vercingetorix
1174 2176 1249 2220 con-

229 2244 307 2304 sedit
329 2243 559 2323 convocatisque
581 2246 620 2305 ad
636 2243 792 2305 concilium
807 2245 967 2323 praefectis
983 2244 1113 2323 equitum
1128 2244 1252 2306 venisse

229 2338 347 2409 tempus
370 2329 512 2390 victoriae
535 2331 735 2391 demonstrat:
758 2331 858 2410 lugere
880 2331 912 2393 in
933 2331 1119 2412 provinciam
1133 2331 1253 2393 Rorna-

229 2435 285 2476 nos
313 2415 474 2496 Galliaque
496 2417 650 2477 excedere:
685 2416 717 2477 id
744 2416 801 2478 sibi
831 2419 870 2479 ad
892 2426 1082 2497 praesentem
1106 2418 1251 2479 obtinen-

186 2527 214 2565 25
230 2504 301 2564 dam
323 2503 493 2563 libertatem
516 2503 591 2564 satis
615 2521 696 2576 esse;
720 2504 759 2564 ad
782 2503 888 2584 reliqui
910 2504 1055 2584 temporis
1076 2523 1184 2583 pacem
1200 2512 1252 2565 at-

231 2608 288 2668 que
322 2589 415 2649 otium
448 2608 554 2667 parum
582 2590 700 2667 profici:
734 2589 898 2653 maioribus
922 2591 1001 2652 enim
1024 2590 1136 2651 coactis
1157 2588 1254 2668 copiis

230 2694 403 2736 reversuros
427 2694 522 2755 neque
545 2677 634 2737 finem
657 2675 789 2738 bellandi
810 2679 952 2739 lecturos.
985 2675 1119 2737 Proinde
1134 2675 1255 2755 agmine

230 2761 390 2841 impeditos
414 2762 597 2824 adoriantur.
632 2761 666 2824 Si
688 2763 804 2842 pedites
827 2764 889 2825 suis
913 2762 1056 2824 auxilium
1078 2763 1181 2823 ferant
1202 2769 1254 2822 at-

232 2868 289 2927 que
318 2849 348 2908 in
377 2868 412 2910 eo
442 2857 604 2924 morentur,
633 2849 691 2910 iter
712 2851 810 2911 facere
832 2869 892 2911 non
912 2867 1019 2928 posse3
1054 2848 1150 2923 si,id
1173 2849 1256 2928 quod

188 2959 217 3001 ao
232 2935 328 3013 magis
356 2936 489 2995 futurum
513 2937 658 3010 confidat,
686 2936 797 2998 relictis
819 2935 1041 3014 impedimentis
1063 2954 1137 2996 suae
1161 2933 1256 2996 saluti

233 3021 406 3094 consulant,
437 3031 467 3081 et
493 3041 549 3081 usu
577 3041 675 3083 rerum
699 3022 935 3084 necessariarum
958 3031 989 3084 et
1010 3021 1159 3102 dignitate
1182 3041 1257 3100 spo-

232 3107 337 3168 liatum
360 3107 404 3168 iri.
448 3107 528 3168 Nam
552 3109 589 3168 de
612 3109 759 3188 equitibus
782 3109 928 3182 hostium,
953 3108 1025 3188 quin
1047 3126 1135 3169 nemo
1151 3127 1258 3169 eorum

233 3194 370 3274 progredi
392 3195 480 3254 modo
505 3204 592 3254 extra
615 3214 720 3274 agmen
744 3196 869 3267 audeat,
893 3203 924 3256 et
946 3195 1028 3274 ipsos
1051 3194 1172 3275 quidem
1195 3214 1258 3256 non

234 3282 340 3341 debere
363 3280 510 3341 dubitare.
555 3280 591 3341 Id
614 3300 671 3360 quo
694 3281 806 3342 maiore
828 3281 944 3342 faciant
965 3281 1080 3355 animo,
1104 3281 1210 3360 copias
1226 3299 1259 3341 se

190 3393 218 3433 es
234 3386 336 3428 omnes
364 3386 418 3445 pro
442 3367 549 3428 castris
572 3367 744 3428 habiturum
768 3376 799 3428 et
820 3368 930 3429 terrori
951 3367 1089 3430 hostibus
1111 3368 1258 3435 futurum,

234 3453 434 3514 Conclamant
456 3453 572 3531 equites
600 3453 789 3514 sanctissimo
811 3454 1004 3515 iureiurando
1027 3453 1198 3516 confirmari
1220 3473 1258 3515 o-

234 3549 367 3618 portere,
391 3559 428 3599 ne
451 3548 530 3601 tecto
553 3540 724 3620 recipiatur,
749 3558 786 3598 ne
808 3541 847 3601 ad
870 3540 998 3612 liberos,
1021 3560 1059 3601 ne
1082 3540 1122 3599 ad
1143 3558 1259 3620 paren-

234 3634 296 3696 tes,
326 3627 365 3686 ad
392 3644 514 3686 uxorem
544 3626 661 3687 aditum
688 3625 815 3698 babeat,
850 3627 900 3705 qui
923 3646 982 3687 non
1004 3627 1050 3687 bis
1073 3645 1127 3705 per
1149 3644 1262 3707 agmen

235 3710 368 3771 hostium
390 3714 621 3792 perequitasset.

193 3800 227 3853 67
299 3797 434 3858 Probata
456 3819 488 3859 re
512 3809 603 3878 atque
625 3797 763 3859 omnibus
786 3799 974 3860 iureiurando
997 3797 1113 3859 adactis
1136 3804 1263 3876 postero

193 3908 216 3952 u
237 3882 284 3943 die
316 3883 347 3943 in
381 3891 442 3945 tres
470 3895 574 3963 partes
604 3884 764 3946 distributo
793 3885 928 3966 equitatu
957 3886 1033 3947 duae
1062 3903 1094 3945 se
1117 3882 1198 3945 acies
1223 3886 1263 3946 ab

237 3970 352 4031 duobus
380 3969 526 4032 lateribus
556 3973 733 4045 ostendunt,
768 3993 829 4034 uua
855 3972 951 4052 primo
980 3972 1097 4053 agmine
1120 3969 1180 4032 iter
1201 3970 1264 4032 im-
