<?xml version="1.0" encoding="UTF-8"?>
<!DOCTYPE html PUBLIC "-//W3C//DTD XHTML 1.0 Transitional//EN"
    "http://www.w3.org/TR/xhtml1/DTD/xhtml1-transitional.dtd">
<html xmlns="http://www.w3.org/1999/xhtml" xml:lang="en" lang="en">
 <head>
  <title>
</title>
<meta http-equiv="Content-Type" content="text/html;charset=utf-8" />
  <meta name='ocr-system' content='tesseract 3.04.00' />
  <meta name='ocr-capabilities' content='ocr_page ocr_carea ocr_par ocr_line ocrx_word'/>
</head>
<body>
  <div class='ocr_page' id='page_1' title='image "./debellogallicol00friggoog_0094.png"; bbox 0 0 2616 4492; ppageno 0'>
   <div class='ocr_carea' id='block_1_1' title="bbox 425 269 1116 335">
    <p class='ocr_par' dir='ltr' id='par_1_1' title="bbox 425 269 1116 335">
     <span class='ocr_line' id='line_1_1' title="bbox 425 269 1116 335; baseline 0.007 -5"><span class='ocrx_word' id='word_1_1' title='bbox 425 285 496 332; x_wconf 80' lang='lat' dir='ltr'>ura.</span> <span class='ocrx_word' id='word_1_2' title='bbox 511 285 544 331; x_wconf 83' lang='grc' dir='ltr'>ν.</span> <span class='ocrx_word' id='word_1_3' title='bbox 568 285 645 333; x_wconf 78' lang='lat' dir='ltr'>car.</span> <span class='ocrx_word' id='word_1_4' title='bbox 663 269 776 332; x_wconf 80' lang='lat'>7-11.</span> <span class='ocrx_word' id='word_1_5' title='bbox 1076 271 1116 335; x_wconf 78' lang='lat' dir='ltr'>tl</span> 
     </span>
    </p>
   </div>
   <div class='ocr_carea' id='block_1_2' title="bbox 85 421 1160 1619">
    <p class='ocr_par' dir='ltr' id='par_1_2' title="bbox 85 421 1160 1619">
     <span class='ocr_line' id='line_1_2' title="bbox 90 421 1118 508; baseline 0.006 -24"><span class='ocrx_word' id='word_1_6' title='bbox 90 423 160 497; x_wconf 90' lang='lat' dir='ltr'>bat,</span> <span class='ocrx_word' id='word_1_7' title='bbox 200 429 230 483; x_wconf 92' lang='lat' dir='ltr'>et</span> <span class='ocrx_word' id='word_1_8' title='bbox 261 421 414 502; x_wconf 89' lang='lat' dir='ltr'>praesidio</span> <span class='ocrx_word' id='word_1_9' title='bbox 447 423 576 486; x_wconf 88' lang='lat' dir='ltr'>navibus</span> <span class='ocrx_word' id='word_1_10' title='bbox 611 421 649 494; x_wconf 84' lang='lat' dir='ltr'>Q.</span> <span class='ocrx_word' id='word_1_11' title='bbox 678 424 800 486; x_wconf 87' lang='lat' dir='ltr'>Atrium</span> <span class='ocrx_word' id='word_1_12' title='bbox 833 424 987 504; x_wconf 75' lang='lat' dir='ltr'>praefecit.</span> <span class='ocrx_word' id='word_1_13' title='bbox 1046 425 1118 508; x_wconf 76' lang='lat' dir='ltr'>Ipso</span> 
     </span>
     <span class='ocr_line' id='line_1_3' title="bbox 90 508 1119 589; baseline 0.006 -20"><span class='ocrx_word' id='word_1_14' title='bbox 90 517 179 570; x_wconf 91' lang='lat' dir='ltr'>noctu</span> <span class='ocrx_word' id='word_1_15' title='bbox 206 527 386 588; x_wconf 87' lang='lat' dir='ltr'>progressus</span> <span class='ocrx_word' id='word_1_16' title='bbox 414 508 498 571; x_wconf 91' lang='lat' dir='ltr'>milia</span> <span class='ocrx_word' id='word_1_17' title='bbox 523 528 668 589; x_wconf 80' lang='lat' dir='ltr'><strong>passuum</strong></span> <span class='ocrx_word' id='word_1_18' title='bbox 691 510 809 572; x_wconf 78' lang='lat' dir='ltr'><strong>circiter</strong></span> <span class='ocrx_word' id='word_1_19' title='bbox 831 527 885 572; x_wconf 75' lang='grc' dir='ltr'>ΧΠ</span> <span class='ocrx_word' id='word_1_20' title='bbox 907 511 1041 574; x_wconf 91' lang='lat' dir='ltr'>hostium</span> <span class='ocrx_word' id='word_1_21' title='bbox 1062 530 1119 575; x_wconf 87' lang='lat' dir='ltr'>co·</span> 
     </span>
     <span class='ocr_line' id='line_1_4' title="bbox 88 593 1118 676; baseline 0.007 -22"><span class='ocrx_word' id='word_1_22' title='bbox 88 593 167 674; x_wconf 86' lang='lat' dir='ltr'>pias</span> <span class='ocrx_word' id='word_1_23' title='bbox 185 594 378 673; x_wconf 76' lang='lat' dir='ltr'>conspicatus</span> <span class='ocrx_word' id='word_1_24' title='bbox 407 604 463 656; x_wconf 90' lang='lat' dir='ltr'>est.</span> <span class='ocrx_word' id='word_1_25' title='bbox 513 595 563 656; x_wconf 92' lang='lat' dir='ltr'>llli</span> <span class='ocrx_word' id='word_1_26' title='bbox 585 595 720 676; x_wconf 87' lang='lat' dir='ltr'>equitatu</span> <span class='ocrx_word' id='word_1_27' title='bbox 742 606 834 676; x_wconf 90' lang='lat' dir='ltr'>atque</span> <span class='ocrx_word' id='word_1_28' title='bbox 857 597 971 659; x_wconf 83' lang='lat' dir='ltr'>essedis</span> <span class='ocrx_word' id='word_1_29' title='bbox 995 599 1036 659; x_wconf 87' lang='lat' dir='ltr'>ad</span> <span class='ocrx_word' id='word_1_30' title='bbox 1056 597 1118 661; x_wconf 87' lang='lat' dir='ltr'>iln-</span> 
     </span>
     <span class='ocr_line' id='line_1_5' title="bbox 89 680 1117 764; baseline 0.006 -23"><span class='ocrx_word' id='word_1_31' title='bbox 89 699 159 741; x_wconf 90' lang='lat' dir='ltr'>men</span> <span class='ocrx_word' id='word_1_32' title='bbox 180 680 332 760; x_wconf 83' lang='lat' dir='ltr'>progressi</span> <span class='ocrx_word' id='word_1_33' title='bbox 354 699 393 741; x_wconf 82' lang='lat' dir='ltr'>ex</span> <span class='ocrx_word' id='word_1_34' title='bbox 414 680 479 742; x_wconf 89' lang='lat' dir='ltr'>loco</span> <span class='ocrx_word' id='word_1_35' title='bbox 500 681 654 760; x_wconf 86' lang='lat' dir='ltr'>superiore</span> <span class='ocrx_word' id='word_1_36' title='bbox 668 691 789 743; x_wconf 89' lang='lat' dir='ltr'>nostros</span> <span class='ocrx_word' id='word_1_37' title='bbox 805 682 963 761; x_wconf 89' lang='lat' dir='ltr'>prohibere</span> <span class='ocrx_word' id='word_1_38' title='bbox 979 693 1010 745; x_wconf 90' lang='lat' dir='ltr'>et</span> <span class='ocrx_word' id='word_1_39' title='bbox 1023 703 1117 764; x_wconf 90' lang='lat' dir='ltr'>proe-</span> 
     </span>
     <span class='ocr_line' id='line_1_6' title="bbox 87 764 1146 848; baseline 0.007 -23"><span class='ocrx_word' id='word_1_40' title='bbox 87 764 161 826; x_wconf 90' lang='lat' dir='ltr'>lium</span> <span class='ocrx_word' id='word_1_41' title='bbox 194 765 382 827; x_wconf 88' lang='lat' dir='ltr'>committere</span> <span class='ocrx_word' id='word_1_42' title='bbox 415 775 586 846; x_wconf 89' lang='lat' dir='ltr'>coeperunt.</span> <span class='ocrx_word' id='word_1_43' title='bbox 642 767 771 847; x_wconf 88' lang='lat' dir='ltr'>Repulsi</span> <span class='ocrx_word' id='word_1_44' title='bbox 798 769 837 828; x_wconf 90' lang='lat' dir='ltr'>ab</span> <span class='ocrx_word' id='word_1_45' title='bbox 866 769 1002 848; x_wconf 89' lang='lat' dir='ltr'>equitatu</span> <span class='ocrx_word' id='word_1_46' title='bbox 1029 788 1063 832; x_wconf 90' lang='lat' dir='ltr'>se</span> <span class='ocrx_word' id='word_1_47' title='bbox 1084 768 1146 831; x_wconf 78' lang='lat' dir='ltr'>ins</span> 
     </span>
     <span class='ocr_line' id='line_1_7' title="bbox 87 851 1118 935; baseline 0.006 -23"><span class='ocrx_word' id='word_1_48' title='bbox 87 851 185 912; x_wconf 88' lang='lat' dir='ltr'>silvas</span> <span class='ocrx_word' id='word_1_49' title='bbox 208 851 405 925; x_wconf 89' lang='lat' dir='ltr'>abdiderunt,</span> <span class='ocrx_word' id='word_1_50' title='bbox 429 852 527 914; x_wconf 87' lang='lat' dir='ltr'>locum</span> <span class='ocrx_word' id='word_1_51' title='bbox 551 853 654 914; x_wconf 89' lang='lat' dir='ltr'>nancti</span> <span class='ocrx_word' id='word_1_52' title='bbox 676 853 793 934; x_wconf 80' lang='lat' dir='ltr'>egregie</span> <span class='ocrx_word' id='word_1_53' title='bbox 808 860 839 914; x_wconf 94' lang='lat' dir='ltr'>et</span> <span class='ocrx_word' id='word_1_54' title='bbox 854 863 966 916; x_wconf 90' lang='lat' dir='ltr'>natura</span> <span class='ocrx_word' id='word_1_55' title='bbox 981 863 1013 916; x_wconf 88' lang='lat' dir='ltr'>et</span> <span class='ocrx_word' id='word_1_56' title='bbox 1027 874 1118 935; x_wconf 88' lang='lat' dir='ltr'>opere</span> 
     </span>
     <span class='ocr_line' id='line_1_8' title="bbox 87 937 1117 1017; baseline 0.008 -20"><span class='ocrx_word' id='word_1_57' title='bbox 87 937 252 1009; x_wconf 90' lang='lat' dir='ltr'>munitum,</span> <span class='ocrx_word' id='word_1_58' title='bbox 280 956 369 1017; x_wconf 90' lang='lat' dir='ltr'>quem</span> <span class='ocrx_word' id='word_1_59' title='bbox 392 938 549 1001; x_wconf 82' lang='lat' dir='ltr'>domestici</span> <span class='ocrx_word' id='word_1_60' title='bbox 571 938 657 1014; x_wconf 89' lang='lat' dir='ltr'>belli,</span> <span class='ocrx_word' id='word_1_61' title='bbox 687 948 721 1000; x_wconf 91' lang='lat' dir='ltr'>nt</span> <span class='ocrx_word' id='word_1_62' title='bbox 741 939 912 1013; x_wconf 91' lang='lat' dir='ltr'>videbatur,</span> <span class='ocrx_word' id='word_1_63' title='bbox 941 959 1035 1002; x_wconf 87' lang='lat' dir='ltr'>causa</span> <span class='ocrx_word' id='word_1_64' title='bbox 1055 941 1117 1005; x_wconf 90' lang='lat' dir='ltr'>iam</span> 
     </span>
     <span class='ocr_line' id='line_1_9' title="bbox 86 1024 1117 1102; baseline 0.005 -18"><span class='ocrx_word' id='word_1_65' title='bbox 86 1031 159 1084; x_wconf 89' lang='lat' dir='ltr'>ante</span> <span class='ocrx_word' id='word_1_66' title='bbox 188 1033 461 1102; x_wconf 86' lang='lat' dir='ltr'>praeparaverant:</span> <span class='ocrx_word' id='word_1_67' title='bbox 491 1043 563 1085; x_wconf 90' lang='lat' dir='ltr'>nam</span> <span class='ocrx_word' id='word_1_68' title='bbox 585 1024 696 1086; x_wconf 90' lang='lat' dir='ltr'>crebris</span> <span class='ocrx_word' id='word_1_69' title='bbox 720 1025 880 1086; x_wconf 79' lang='lat' dir='ltr'>arboribus</span> <span class='ocrx_word' id='word_1_70' title='bbox 903 1026 1026 1088; x_wconf 80' lang='lat' dir='ltr'>succisis</span> <span class='ocrx_word' id='word_1_71' title='bbox 1048 1044 1117 1089; x_wconf 90' lang='lat' dir='ltr'>om-</span> 
     </span>
     <span class='ocr_line' id='line_1_10' title="bbox 86 1107 1117 1192; baseline 0.006 -23"><span class='ocrx_word' id='word_1_72' title='bbox 86 1128 142 1170; x_wconf 90' lang='lat' dir='ltr'>ues</span> <span class='ocrx_word' id='word_1_73' title='bbox 175 1107 317 1170; x_wconf 85' lang='lat' dir='ltr'>introitus</span> <span class='ocrx_word' id='word_1_74' title='bbox 352 1119 440 1171; x_wconf 91' lang='lat' dir='ltr'>erant</span> <span class='ocrx_word' id='word_1_75' title='bbox 472 1110 632 1190; x_wconf 76' lang='lat' dir='ltr'>praeclusi.</span> <span class='ocrx_word' id='word_1_76' title='bbox 681 1111 746 1191; x_wconf 89' lang='lat' dir='ltr'>Ipsi</span> <span class='ocrx_word' id='word_1_77' title='bbox 774 1130 810 1172; x_wconf 85' lang='lat' dir='ltr'>ex</span> <span class='ocrx_word' id='word_1_78' title='bbox 838 1111 925 1174; x_wconf 87' lang='lat' dir='ltr'>silvis</span> <span class='ocrx_word' id='word_1_79' title='bbox 953 1112 1015 1174; x_wconf 89' lang='lat' dir='ltr'>rari</span> <span class='ocrx_word' id='word_1_80' title='bbox 1042 1131 1117 1192; x_wconf 91' lang='lat' dir='ltr'>pro·</span> 
     </span>
     <span class='ocr_line' id='line_1_11' title="bbox 85 1195 1160 1278; baseline 0.003 -23"><span class='ocrx_word' id='word_1_81' title='bbox 85 1195 265 1274; x_wconf 87' lang='lat' dir='ltr'>pugnabant</span> <span class='ocrx_word' id='word_1_82' title='bbox 297 1203 478 1275; x_wconf 91' lang='lat' dir='ltr'>nostrosque</span> <span class='ocrx_word' id='word_1_83' title='bbox 511 1196 593 1258; x_wconf 90' lang='lat' dir='ltr'>iutra</span> <span class='ocrx_word' id='word_1_84' title='bbox 621 1197 801 1258; x_wconf 88' lang='lat' dir='ltr'>munitiones</span> <span class='ocrx_word' id='word_1_85' title='bbox 830 1197 945 1278; x_wconf 88' lang='lat' dir='ltr'>ingredi</span> <span class='ocrx_word' id='word_1_86' title='bbox 972 1197 1116 1278; x_wconf 87' lang='lat' dir='ltr'>prohibe-</span> <span class='ocrx_word' id='word_1_87' title='bbox 1130 1221 1160 1260; x_wconf 81' lang='lat' dir='ltr'>ro</span> 
     </span>
     <span class='ocr_line' id='line_1_12' title="bbox 85 1280 1117 1365; baseline 0.004 -24"><span class='ocrx_word' id='word_1_88' title='bbox 85 1281 171 1341; x_wconf 91' lang='lat' dir='ltr'>baut.</span> <span class='ocrx_word' id='word_1_89' title='bbox 217 1280 264 1342; x_wconf 88' lang='lat' dir='ltr'>At</span> <span class='ocrx_word' id='word_1_90' title='bbox 286 1281 397 1343; x_wconf 87' lang='lat' dir='ltr'>milites</span> <span class='ocrx_word' id='word_1_91' title='bbox 420 1281 547 1361; x_wconf 86' lang='lat' dir='ltr'>legionis</span> <span class='ocrx_word' id='word_1_92' title='bbox 571 1283 717 1362; x_wconf 89' lang='lat' dir='ltr'>septimae</span> <span class='ocrx_word' id='word_1_93' title='bbox 741 1284 893 1344; x_wconf 87' lang='lat' dir='ltr'>testudine</span> <span class='ocrx_word' id='word_1_94' title='bbox 915 1286 998 1345; x_wconf 85' lang='lat' dir='ltr'>lacta</span> <span class='ocrx_word' id='word_1_95' title='bbox 1012 1293 1044 1345; x_wconf 93' lang='lat' dir='ltr'>et</span> <span class='ocrx_word' id='word_1_96' title='bbox 1059 1303 1117 1365; x_wconf 84' lang='lat' dir='ltr'>ag·</span> 
     </span>
     <span class='ocr_line' id='line_1_13' title="bbox 87 1367 1117 1448; baseline 0.003 -21"><span class='ocrx_word' id='word_1_97' title='bbox 87 1385 157 1446; x_wconf 89' lang='lat' dir='ltr'>gere</span> <span class='ocrx_word' id='word_1_98' title='bbox 180 1367 220 1428; x_wconf 87' lang='lat' dir='ltr'>ad</span> <span class='ocrx_word' id='word_1_99' title='bbox 243 1367 426 1429; x_wconf 90' lang='lat' dir='ltr'>munitiones</span> <span class='ocrx_word' id='word_1_100' title='bbox 449 1368 566 1429; x_wconf 83' lang='lat' dir='ltr'>adiecto</span> <span class='ocrx_word' id='word_1_101' title='bbox 590 1368 685 1429; x_wconf 88' lang='lat' dir='ltr'>locum</span> <span class='ocrx_word' id='word_1_102' title='bbox 710 1377 853 1447; x_wconf 89' lang='lat' dir='ltr'>oeperunt</span> <span class='ocrx_word' id='word_1_103' title='bbox 874 1387 985 1448; x_wconf 89' lang='lat' dir='ltr'>eosque</span> <span class='ocrx_word' id='word_1_104' title='bbox 1007 1387 1045 1430; x_wconf 88' lang='lat' dir='ltr'>ex</span> <span class='ocrx_word' id='word_1_105' title='bbox 1060 1368 1117 1430; x_wconf 91' lang='lat' dir='ltr'>sil·</span> 
     </span>
     <span class='ocr_line' id='line_1_14' title="bbox 85 1452 1117 1533; baseline 0.004 -21"><span class='ocrx_word' id='word_1_106' title='bbox 85 1452 134 1512; x_wconf 89' lang='lat' dir='ltr'>vis</span> <span class='ocrx_word' id='word_1_107' title='bbox 169 1452 349 1532; x_wconf 86' lang='lat' dir='ltr'>expulerunt</span> <span class='ocrx_word' id='word_1_108' title='bbox 381 1454 486 1531; x_wconf 89' lang='lat' dir='ltr'>paucis</span> <span class='ocrx_word' id='word_1_109' title='bbox 513 1454 690 1515; x_wconf 81' lang='lat' dir='ltr'>vulneribus</span> <span class='ocrx_word' id='word_1_110' title='bbox 718 1454 860 1533; x_wconf 77' lang='lat' dir='ltr'>acceptia.</span> <span class='ocrx_word' id='word_1_111' title='bbox 905 1453 969 1516; x_wconf 83' lang='lat' dir='ltr'>Sed</span> <span class='ocrx_word' id='word_1_112' title='bbox 991 1472 1044 1516; x_wconf 86' lang='lat' dir='ltr'>eos</span> <span class='ocrx_word' id='word_1_113' title='bbox 1066 1456 1117 1516; x_wconf 86' lang='lat' dir='ltr'>ln-</span> 
     </span>
     <span class='ocr_line' id='line_1_15' title="bbox 87 1538 1116 1619; baseline 0.003 -21"><span class='ocrx_word' id='word_1_114' title='bbox 87 1538 204 1618; x_wconf 81' lang='lat' dir='ltr'>gientes</span> <span class='ocrx_word' id='word_1_115' title='bbox 231 1538 350 1618; x_wconf 89' lang='lat' dir='ltr'>longius</span> <span class='ocrx_word' id='word_1_116' title='bbox 379 1539 495 1600; x_wconf 86' lang='lat' dir='ltr'>Caesar</span> <span class='ocrx_word' id='word_1_117' title='bbox 516 1541 657 1619; x_wconf 91' lang='lat' dir='ltr'>prosequi</span> <span class='ocrx_word' id='word_1_118' title='bbox 679 1540 790 1612; x_wconf 82' lang='lat' dir='ltr'>vetuit,</span> <span class='ocrx_word' id='word_1_119' title='bbox 820 1548 852 1601; x_wconf 89' lang='lat' dir='ltr'>et</span> <span class='ocrx_word' id='word_1_120' title='bbox 874 1541 956 1619; x_wconf 89' lang='lat' dir='ltr'>quod</span> <span class='ocrx_word' id='word_1_121' title='bbox 977 1539 1035 1601; x_wconf 87' lang='lat' dir='ltr'>loci</span> <span class='ocrx_word' id='word_1_122' title='bbox 1057 1559 1116 1600; x_wconf 80' lang='lat' dir='ltr'>na·</span> 
     </span>
    </p>
   </div>
   <div class='ocr_carea' id='block_1_3' title="bbox 86 1612 1284 1705">
    <p class='ocr_par' dir='ltr' id='par_1_3' title="bbox 86 1612 1284 1705">
     <span class='ocr_line' id='line_1_16' title="bbox 86 1612 1284 1705; baseline 0.002 -21"><span class='ocrx_word' id='word_1_123' title='bbox 86 1632 187 1686; x_wconf 90' lang='lat' dir='ltr'>turam</span> <span class='ocrx_word' id='word_1_124' title='bbox 218 1624 396 1704; x_wconf 83' lang='lat' dir='ltr'>ignorabat,</span> <span class='ocrx_word' id='word_1_125' title='bbox 431 1633 462 1685; x_wconf 89' lang='lat' dir='ltr'>et</span> <span class='ocrx_word' id='word_1_126' title='bbox 494 1626 573 1705; x_wconf 92' lang='lat' dir='ltr'>quod</span> <span class='ocrx_word' id='word_1_127' title='bbox 601 1644 712 1705; x_wconf 86' lang='lat' dir='ltr'>magna</span> <span class='ocrx_word' id='word_1_128' title='bbox 740 1633 827 1705; x_wconf 88' lang='lat' dir='ltr'>parte</span> <span class='ocrx_word' id='word_1_129' title='bbox 855 1624 915 1686; x_wconf 91' lang='lat' dir='ltr'>diei</span> <span class='ocrx_word' id='word_1_130' title='bbox 936 1633 1117 1705; x_wconf 77' lang='lat' dir='ltr'>consumpta</span> <span class='ocrx_word' id='word_1_131' title='bbox 1130 1648 1159 1686; x_wconf 80' lang='lat' dir='ltr'>ra</span> <span class='ocrx_word' id='word_1_132' title='bbox 1272 1612 1284 1631; x_wconf 54' lang='lat'><strong>⁸</strong></span> 
     </span>
    </p>
   </div>
   <div class='ocr_carea' id='block_1_4' title="bbox 85 1709 1160 3657">
    <p class='ocr_par' dir='ltr' id='par_1_4' title="bbox 86 1709 886 1791">
     <span class='ocr_line' id='line_1_17' title="bbox 86 1709 886 1791; baseline 0.001 -21"><span class='ocrx_word' id='word_1_133' title='bbox 86 1709 247 1771; x_wconf 90' lang='lat' dir='ltr'>munitioni</span> <span class='ocrx_word' id='word_1_134' title='bbox 268 1719 439 1772; x_wconf 81' lang='lat' dir='ltr'>castrorum</span> <span class='ocrx_word' id='word_1_135' title='bbox 462 1719 581 1789; x_wconf 89' lang='lat' dir='ltr'>tempus</span> <span class='ocrx_word' id='word_1_136' title='bbox 604 1711 731 1791; x_wconf 91' lang='lat' dir='ltr'>relinqui</span> <span class='ocrx_word' id='word_1_137' title='bbox 754 1711 886 1771; x_wconf 87' lang='lat' dir='ltr'>volebat.</span> 
     </span>
    </p>

    <p class='ocr_par' dir='ltr' id='par_1_5' title="bbox 85 1794 1160 3657">
     <span class='ocr_line' id='line_1_18' title="bbox 151 1794 1159 1876; baseline 0.002 -20"><span class='ocrx_word' id='word_1_138' title='bbox 151 1795 305 1857; x_wconf 89' lang='lat' dir='ltr'>Postridie</span> <span class='ocrx_word' id='word_1_139' title='bbox 333 1796 396 1857; x_wconf 92' lang='lat' dir='ltr'>eius</span> <span class='ocrx_word' id='word_1_140' title='bbox 420 1796 480 1856; x_wconf 90' lang='lat' dir='ltr'>diei</span> <span class='ocrx_word' id='word_1_141' title='bbox 506 1815 596 1856; x_wconf 91' lang='lat' dir='ltr'>mane</span> <span class='ocrx_word' id='word_1_142' title='bbox 625 1796 776 1876; x_wconf 87' lang='lat' dir='ltr'>tripertito</span> <span class='ocrx_word' id='word_1_143' title='bbox 805 1795 917 1857; x_wconf 91' lang='lat' dir='ltr'>milites</span> <span class='ocrx_word' id='word_1_144' title='bbox 940 1794 1116 1876; x_wconf 86' lang='lat' dir='ltr'>equitesque</span> <span class='ocrx_word' id='word_1_145' title='bbox 1126 1800 1159 1851; x_wconf 86' lang='lat'>10</span> 
     </span>
     <span class='ocr_line' id='line_1_19' title="bbox 85 1881 1116 1962; baseline 0.001 -20"><span class='ocrx_word' id='word_1_146' title='bbox 85 1881 118 1942; x_wconf 90' lang='lat' dir='ltr'>in</span> <span class='ocrx_word' id='word_1_147' title='bbox 146 1882 366 1961; x_wconf 86' lang='lat' dir='ltr'>expeditionem</span> <span class='ocrx_word' id='word_1_148' title='bbox 397 1882 495 1954; x_wconf 87' lang='lat' dir='ltr'>misit,</span> <span class='ocrx_word' id='word_1_149' title='bbox 523 1891 558 1943; x_wconf 91' lang='lat' dir='ltr'>ut</span> <span class='ocrx_word' id='word_1_150' title='bbox 585 1901 651 1957; x_wconf 90' lang='lat' dir='ltr'>eos,</span> <span class='ocrx_word' id='word_1_151' title='bbox 682 1882 732 1962; x_wconf 92' lang='lat' dir='ltr'>qui</span> <span class='ocrx_word' id='word_1_152' title='bbox 759 1884 916 1962; x_wconf 86' lang='lat' dir='ltr'>fugerant,</span> <span class='ocrx_word' id='word_1_153' title='bbox 948 1900 1116 1962; x_wconf 88' lang='lat' dir='ltr'>perseque-</span> 
     </span>
     <span class='ocr_line' id='line_1_20' title="bbox 86 1966 1116 2048; baseline 0.003 -21"><span class='ocrx_word' id='word_1_154' title='bbox 86 1975 200 2029; x_wconf 86' lang='lat' dir='ltr'>rentur.</span> <span class='ocrx_word' id='word_1_155' title='bbox 244 1967 287 2028; x_wconf 94' lang='lat' dir='ltr'>Iis</span> <span class='ocrx_word' id='word_1_156' title='bbox 310 1967 498 2048; x_wconf 90' lang='lat' dir='ltr'>aliquantum</span> <span class='ocrx_word' id='word_1_157' title='bbox 521 1967 637 2028; x_wconf 87' lang='lat' dir='ltr'>itineris</span> <span class='ocrx_word' id='word_1_158' title='bbox 658 1967 843 2047; x_wconf 84' lang='lat' dir='ltr'>progressis,</span> <span class='ocrx_word' id='word_1_159' title='bbox 877 1985 944 2028; x_wconf 89' lang='lat' dir='ltr'>oum</span> <span class='ocrx_word' id='word_1_160' title='bbox 972 1966 1033 2028; x_wconf 90' lang='lat' dir='ltr'>iam</span> <span class='ocrx_word' id='word_1_161' title='bbox 1060 1984 1116 2030; x_wconf 85' lang='lat' dir='ltr'>ex·</span> 
     </span>
     <span class='ocr_line' id='line_1_21' title="bbox 86 2051 1160 2134; baseline 0.001 -20"><span class='ocrx_word' id='word_1_162' title='bbox 86 2052 175 2114; x_wconf 90' lang='lat' dir='ltr'>tremi</span> <span class='ocrx_word' id='word_1_163' title='bbox 207 2061 310 2114; x_wconf 86' lang='lat' dir='ltr'>essent</span> <span class='ocrx_word' id='word_1_164' title='bbox 335 2053 367 2114; x_wconf 92' lang='lat' dir='ltr'>in</span> <span class='ocrx_word' id='word_1_165' title='bbox 393 2062 571 2133; x_wconf 88' lang='lat' dir='ltr'>prospectu,</span> <span class='ocrx_word' id='word_1_166' title='bbox 606 2054 721 2134; x_wconf 89' lang='lat' dir='ltr'>equites</span> <span class='ocrx_word' id='word_1_167' title='bbox 748 2073 769 2114; x_wconf 90' lang='lat' dir='ltr'>a</span> <span class='ocrx_word' id='word_1_168' title='bbox 794 2051 832 2122; x_wconf 81' lang='lat' dir='ltr'>Q.</span> <span class='ocrx_word' id='word_1_169' title='bbox 855 2051 947 2114; x_wconf 92' lang='lat' dir='ltr'>Atrio</span> <span class='ocrx_word' id='word_1_170' title='bbox 970 2053 1010 2114; x_wconf 90' lang='lat' dir='ltr'>ad</span> <span class='ocrx_word' id='word_1_171' title='bbox 1033 2051 1115 2115; x_wconf 82' lang='lat' dir='ltr'>an-</span> <span class='ocrx_word' id='word_1_172' title='bbox 1129 2075 1160 2115; x_wconf 76' lang='lat' dir='ltr'>ao</span> 
     </span>
     <span class='ocr_line' id='line_1_22' title="bbox 86 2138 1116 2220; baseline 0 -20"><span class='ocrx_word' id='word_1_173' title='bbox 86 2157 188 2200; x_wconf 86' lang='lat' dir='ltr'>sarem</span> <span class='ocrx_word' id='word_1_174' title='bbox 214 2147 378 2212; x_wconf 75' lang='lat' dir='ltr'>venenant,</span> <span class='ocrx_word' id='word_1_175' title='bbox 413 2140 465 2220; x_wconf 91' lang='lat' dir='ltr'>qui</span> <span class='ocrx_word' id='word_1_176' title='bbox 491 2143 667 2201; x_wconf 82' lang='lat' dir='ltr'>nuntiarent</span> <span class='ocrx_word' id='word_1_177' title='bbox 694 2139 848 2220; x_wconf 84' lang='lat' dir='ltr'>superiore</span> <span class='ocrx_word' id='word_1_178' title='bbox 870 2147 958 2200; x_wconf 87' lang='lat' dir='ltr'>nocte</span> <span class='ocrx_word' id='word_1_179' title='bbox 980 2138 1116 2200; x_wconf 83' lang='lat' dir='ltr'>maxima</span> 
     </span>
     <span class='ocr_line' id='line_1_23' title="bbox 86 2223 1116 2306; baseline 0.001 -20"><span class='ocrx_word' id='word_1_180' title='bbox 86 2233 192 2286; x_wconf 87' lang='lat' dir='ltr'>coorta</span> <span class='ocrx_word' id='word_1_181' title='bbox 218 2233 402 2304; x_wconf 89' lang='lat' dir='ltr'>tempestate</span> <span class='ocrx_word' id='word_1_182' title='bbox 434 2245 527 2306; x_wconf 90' lang='lat' dir='ltr'>prope</span> <span class='ocrx_word' id='word_1_183' title='bbox 555 2244 659 2287; x_wconf 90' lang='lat' dir='ltr'>omnes</span> <span class='ocrx_word' id='word_1_184' title='bbox 687 2246 783 2306; x_wconf 78' lang='lat' dir='ltr'>naves¹</span> <span class='ocrx_word' id='word_1_185' title='bbox 807 2224 945 2287; x_wconf 89' lang='lat' dir='ltr'>adflictas</span> <span class='ocrx_word' id='word_1_186' title='bbox 968 2232 1060 2304; x_wconf 90' lang='lat' dir='ltr'>atque</span> <span class='ocrx_word' id='word_1_187' title='bbox 1081 2223 1116 2287; x_wconf 93' lang='lat' dir='ltr'>in</span> 
     </span>
     <span class='ocr_line' id='line_1_24' title="bbox 86 2309 1114 2392; baseline 0.001 -21"><span class='ocrx_word' id='word_1_188' title='bbox 86 2309 158 2371; x_wconf 93' lang='lat' dir='ltr'>litus</span> <span class='ocrx_word' id='word_1_189' title='bbox 192 2310 302 2372; x_wconf 88' lang='lat' dir='ltr'>eiectas</span> <span class='ocrx_word' id='word_1_190' title='bbox 331 2330 414 2386; x_wconf 87' lang='lat' dir='ltr'>esse,</span> <span class='ocrx_word' id='word_1_191' title='bbox 449 2312 529 2391; x_wconf 95' lang='lat' dir='ltr'>quod</span> <span class='ocrx_word' id='word_1_192' title='bbox 556 2331 653 2392; x_wconf 87' lang='lat' dir='ltr'>neque</span> <span class='ocrx_word' id='word_1_193' title='bbox 680 2331 810 2374; x_wconf 80' lang='lat' dir='ltr'>ancorae</span> <span class='ocrx_word' id='word_1_194' title='bbox 837 2312 984 2390; x_wconf 80' lang='lat' dir='ltr'>funesque</span> <span class='ocrx_word' id='word_1_195' title='bbox 1011 2309 1114 2372; x_wconf 91' lang='lat' dir='ltr'>subsi-</span> 
     </span>
     <span class='ocr_line' id='line_1_25' title="bbox 86 2395 1115 2478; baseline -0.002 -20"><span class='ocrx_word' id='word_1_196' title='bbox 86 2405 205 2458; x_wconf 89' lang='lat' dir='ltr'>sterent</span> <span class='ocrx_word' id='word_1_197' title='bbox 238 2416 335 2477; x_wconf 90' lang='lat' dir='ltr'>neque</span> <span class='ocrx_word' id='word_1_198' title='bbox 367 2405 480 2458; x_wconf 90' lang='lat' dir='ltr'>nautae</span> <span class='ocrx_word' id='word_1_199' title='bbox 517 2399 792 2478; x_wconf 87' lang='lat' dir='ltr'>gubernatoresque</span> <span class='ocrx_word' id='word_1_200' title='bbox 825 2397 887 2457; x_wconf 81' lang='lat' dir='ltr'>vim</span> <span class='ocrx_word' id='word_1_201' title='bbox 921 2395 1115 2474; x_wconf 84' lang='lat' dir='ltr'>tempestatis</span> 
     </span>
     <span class='ocr_line' id='line_1_26' title="bbox 86 2482 1157 2562; baseline 0.001 -19"><span class='ocrx_word' id='word_1_202' title='bbox 86 2482 152 2562; x_wconf 88' lang='lat' dir='ltr'>pati</span> <span class='ocrx_word' id='word_1_203' title='bbox 173 2492 315 2562; x_wconf 88' lang='lat' dir='ltr'>possent:</span> <span class='ocrx_word' id='word_1_204' title='bbox 339 2483 442 2562; x_wconf 89' lang='lat' dir='ltr'>itaque</span> <span class='ocrx_word' id='word_1_205' title='bbox 465 2503 503 2544; x_wconf 88' lang='lat' dir='ltr'>ex</span> <span class='ocrx_word' id='word_1_206' title='bbox 525 2502 560 2544; x_wconf 88' lang='lat' dir='ltr'>eo</span> <span class='ocrx_word' id='word_1_207' title='bbox 582 2502 727 2545; x_wconf 86' lang='lat' dir='ltr'>concursu</span> <span class='ocrx_word' id='word_1_208' title='bbox 749 2482 872 2545; x_wconf 85' lang='lat' dir='ltr'>navium</span> <span class='ocrx_word' id='word_1_209' title='bbox 888 2500 1032 2562; x_wconf 89' lang='lat' dir='ltr'>magnum</span> <span class='ocrx_word' id='word_1_210' title='bbox 1047 2498 1115 2542; x_wconf 87' lang='lat' dir='ltr'>esse</span> <span class='ocrx_word' id='word_1_211' title='bbox 1128 2505 1157 2544; x_wconf 77' lang='lat' dir='ltr'>aa</span> 
     </span>
     <span class='ocr_line' id='line_1_27' title="bbox 85 2565 1154 2649; baseline -0.004 -21"><span class='ocrx_word' id='word_1_212' title='bbox 85 2567 306 2630; x_wconf 84' lang='lat' dir='ltr'>incommodum</span> <span class='ocrx_word' id='word_1_213' title='bbox 330 2578 494 2648; x_wconf 81' lang='lat' dir='ltr'>acceptum.</span> <span class='ocrx_word' id='word_1_214' title='bbox 539 2569 597 2630; x_wconf 90' lang='lat' dir='ltr'>His</span> <span class='ocrx_word' id='word_1_215' title='bbox 619 2570 709 2631; x_wconf 90' lang='lat' dir='ltr'>rebus</span> <span class='ocrx_word' id='word_1_216' title='bbox 732 2569 859 2649; x_wconf 88' lang='lat' dir='ltr'>cognitis</span> <span class='ocrx_word' id='word_1_217' title='bbox 883 2567 999 2628; x_wconf 85' lang='lat' dir='ltr'>Caesar</span> <span class='ocrx_word' id='word_1_218' title='bbox 1018 2565 1154 2646; x_wconf 90' lang='lat' dir='ltr'>legio-11</span> 
     </span>
     <span class='ocr_line' id='line_1_28' title="bbox 86 2651 1112 2735; baseline 0 -22"><span class='ocrx_word' id='word_1_219' title='bbox 86 2673 140 2714; x_wconf 90' lang='lat' dir='ltr'>nes</span> <span class='ocrx_word' id='word_1_220' title='bbox 163 2654 388 2733; x_wconf 88' lang='lat' dir='ltr'>equitatumque</span> <span class='ocrx_word' id='word_1_221' title='bbox 410 2654 546 2715; x_wconf 86' lang='lat' dir='ltr'>revocari</span> <span class='ocrx_word' id='word_1_222' title='bbox 568 2662 658 2735; x_wconf 90' lang='lat' dir='ltr'>atque</span> <span class='ocrx_word' id='word_1_223' title='bbox 680 2655 711 2716; x_wconf 97' lang='lat' dir='ltr'>in</span> <span class='ocrx_word' id='word_1_224' title='bbox 734 2656 841 2717; x_wconf 89' lang='lat' dir='ltr'>itinere</span> <span class='ocrx_word' id='word_1_225' title='bbox 862 2654 1005 2715; x_wconf 88' lang='lat' dir='ltr'>resistere</span> <span class='ocrx_word' id='word_1_226' title='bbox 1019 2651 1112 2727; x_wconf 88' lang='lat' dir='ltr'>iubet,</span> 
     </span>
     <span class='ocr_line' id='line_1_29' title="bbox 85 2737 1114 2820; baseline 0.002 -22"><span class='ocrx_word' id='word_1_227' title='bbox 85 2739 151 2817; x_wconf 88' lang='lat' dir='ltr'>ipse</span> <span class='ocrx_word' id='word_1_228' title='bbox 173 2739 213 2799; x_wconf 87' lang='lat' dir='ltr'>ad</span> <span class='ocrx_word' id='word_1_229' title='bbox 235 2749 330 2800; x_wconf 76' lang='lat' dir='ltr'>nares</span> <span class='ocrx_word' id='word_1_230' title='bbox 351 2740 527 2812; x_wconf 82' lang='lat' dir='ltr'>revertitur3</span> <span class='ocrx_word' id='word_1_231' title='bbox 551 2741 657 2801; x_wconf 91' lang='lat' dir='ltr'>eadem</span> <span class='ocrx_word' id='word_1_232' title='bbox 679 2743 756 2813; x_wconf 90' lang='lat' dir='ltr'>lere,</span> <span class='ocrx_word' id='word_1_233' title='bbox 780 2759 856 2820; x_wconf 92' lang='lat' dir='ltr'>qnae</span> <span class='ocrx_word' id='word_1_234' title='bbox 879 2757 916 2800; x_wconf 87' lang='lat' dir='ltr'>ex</span> <span class='ocrx_word' id='word_1_235' title='bbox 931 2738 1045 2799; x_wconf 92' lang='lat' dir='ltr'>nuntiis</span> <span class='ocrx_word' id='word_1_236' title='bbox 1059 2737 1114 2800; x_wconf 76' lang='lat' dir='ltr'>lit-</span> 
     </span>
     <span class='ocr_line' id='line_1_30' title="bbox 85 2823 1114 2906; baseline 0 -21"><span class='ocrx_word' id='word_1_237' title='bbox 85 2823 219 2902; x_wconf 84' lang='lat' dir='ltr'>terisque</span> <span class='ocrx_word' id='word_1_238' title='bbox 242 2834 438 2901; x_wconf 84' lang='lat' dir='ltr'>cognoverat,</span> <span class='ocrx_word' id='word_1_239' title='bbox 461 2843 561 2886; x_wconf 90' lang='lat' dir='ltr'>coram</span> <span class='ocrx_word' id='word_1_240' title='bbox 583 2826 743 2906; x_wconf 89' lang='lat' dir='ltr'>perspicit,</span> <span class='ocrx_word' id='word_1_241' title='bbox 767 2827 810 2887; x_wconf 87' lang='lat' dir='ltr'>sio</span> <span class='ocrx_word' id='word_1_242' title='bbox 832 2835 867 2887; x_wconf 92' lang='lat' dir='ltr'>ut</span> <span class='ocrx_word' id='word_1_243' title='bbox 888 2824 1010 2885; x_wconf 90' lang='lat' dir='ltr'>amissis</span> <span class='ocrx_word' id='word_1_244' title='bbox 1025 2823 1114 2886; x_wconf 86' lang='lat' dir='ltr'>siroi-</span> 
     </span>
     <span class='ocr_line' id='line_1_31' title="bbox 87 2907 1157 2992; baseline 0.004 -24"><span class='ocrx_word' id='word_1_245' title='bbox 87 2916 135 2968; x_wconf 91' lang='lat' dir='ltr'>ter</span> <span class='ocrx_word' id='word_1_246' title='bbox 156 2922 204 2968; x_wconf 80' lang='lat' dir='ltr'>xn</span> <span class='ocrx_word' id='word_1_247' title='bbox 228 2908 358 2969; x_wconf 82' lang='lat' dir='ltr'>navibus</span> <span class='ocrx_word' id='word_1_248' title='bbox 381 2907 514 2989; x_wconf 84' lang='lat' dir='ltr'>reliquae</span> <span class='ocrx_word' id='word_1_249' title='bbox 536 2919 638 2971; x_wconf 84' lang='lat' dir='ltr'>tamen</span> <span class='ocrx_word' id='word_1_250' title='bbox 660 2912 742 2972; x_wconf 86' lang='lat' dir='ltr'>refici</span> <span class='ocrx_word' id='word_1_251' title='bbox 761 2930 853 2992; x_wconf 88' lang='lat' dir='ltr'>posse</span> <span class='ocrx_word' id='word_1_252' title='bbox 870 2929 978 2990; x_wconf 88' lang='lat' dir='ltr'>magno</span> <span class='ocrx_word' id='word_1_253' title='bbox 993 2908 1157 2990; x_wconf 82' lang='lat' dir='ltr'>negotioso</span> 
     </span>
     <span class='ocr_line' id='line_1_32' title="bbox 85 2993 1111 3074; baseline 0.002 -20"><span class='ocrx_word' id='word_1_254' title='bbox 85 2993 269 3054; x_wconf 84' lang='lat' dir='ltr'>viderentur.</span> <span class='ocrx_word' id='word_1_255' title='bbox 313 2993 420 3073; x_wconf 89' lang='lat' dir='ltr'>Itaque</span> <span class='ocrx_word' id='word_1_256' title='bbox 442 3013 480 3054; x_wconf 89' lang='lat' dir='ltr'>ex</span> <span class='ocrx_word' id='word_1_257' title='bbox 501 2995 668 3073; x_wconf 89' lang='lat' dir='ltr'>legionibus</span> <span class='ocrx_word' id='word_1_258' title='bbox 692 2998 795 3058; x_wconf 83' lang='lat' dir='ltr'>fabros</span> <span class='ocrx_word' id='word_1_259' title='bbox 817 2995 922 3074; x_wconf 87' lang='lat' dir='ltr'>deligit</span> <span class='ocrx_word' id='word_1_260' title='bbox 937 3004 968 3057; x_wconf 93' lang='lat' dir='ltr'>et</span> <span class='ocrx_word' id='word_1_261' title='bbox 983 3014 1021 3056; x_wconf 87' lang='lat' dir='ltr'>ex</span> <span class='ocrx_word' id='word_1_262' title='bbox 1035 3013 1111 3056; x_wconf 92' lang='lat' dir='ltr'>cou-</span> 
     </span>
     <span class='ocr_line' id='line_1_33' title="bbox 86 3078 1113 3160; baseline 0.001 -20"><span class='ocrx_word' id='word_1_263' title='bbox 86 3078 197 3140; x_wconf 92' lang='lat' dir='ltr'>tinenti</span> <span class='ocrx_word' id='word_1_264' title='bbox 219 3078 296 3140; x_wconf 90' lang='lat' dir='ltr'>alios</span> <span class='ocrx_word' id='word_1_265' title='bbox 319 3078 430 3140; x_wconf 87' lang='lat' dir='ltr'>arcessi</span> <span class='ocrx_word' id='word_1_266' title='bbox 452 3079 550 3152; x_wconf 89' lang='lat' dir='ltr'>inbet;</span> <span class='ocrx_word' id='word_1_267' title='bbox 573 3080 708 3142; x_wconf 88' lang='lat' dir='ltr'>Labieno</span> <span class='ocrx_word' id='word_1_268' title='bbox 731 3081 848 3155; x_wconf 85' lang='lat' dir='ltr'>seribit,</span> <span class='ocrx_word' id='word_1_269' title='bbox 872 3088 1020 3160; x_wconf 90' lang='lat' dir='ltr'>utquam</span> <span class='ocrx_word' id='word_1_270' title='bbox 1042 3080 1113 3158; x_wconf 88' lang='lat' dir='ltr'>plu-</span> 
     </span>
     <span class='ocr_line' id='line_1_34' title="bbox 87 3163 1113 3246; baseline -0.002 -20"><span class='ocrx_word' id='word_1_271' title='bbox 87 3165 180 3227; x_wconf 90' lang='lat' dir='ltr'>rimas</span> <span class='ocrx_word' id='word_1_272' title='bbox 203 3175 309 3244; x_wconf 90' lang='lat' dir='ltr'>posset</span> <span class='ocrx_word' id='word_1_273' title='bbox 329 3165 367 3226; x_wconf 89' lang='lat' dir='ltr'>iis</span> <span class='ocrx_word' id='word_1_274' title='bbox 389 3163 574 3244; x_wconf 88' lang='lat' dir='ltr'>legionibus,</span> <span class='ocrx_word' id='word_1_275' title='bbox 603 3185 680 3245; x_wconf 90' lang='lat' dir='ltr'>quae</span> <span class='ocrx_word' id='word_1_276' title='bbox 702 3175 774 3227; x_wconf 92' lang='lat' dir='ltr'>snut</span> <span class='ocrx_word' id='word_1_277' title='bbox 795 3167 876 3246; x_wconf 90' lang='lat' dir='ltr'>apud</span> <span class='ocrx_word' id='word_1_278' title='bbox 899 3184 982 3236; x_wconf 90' lang='lat' dir='ltr'>eum,</span> <span class='ocrx_word' id='word_1_279' title='bbox 1018 3182 1113 3225; x_wconf 84' lang='lat' dir='ltr'>navas</span> 
     </span>
     <span class='ocr_line' id='line_1_35' title="bbox 86 3248 1112 3332; baseline -0.003 -19"><span class='ocrx_word' id='word_1_280' title='bbox 86 3251 237 3313; x_wconf 89' lang='lat' dir='ltr'>instituat.</span> <span class='ocrx_word' id='word_1_281' title='bbox 281 3251 368 3330; x_wconf 90' lang='lat' dir='ltr'>Ipse,</span> <span class='ocrx_word' id='word_1_282' title='bbox 403 3251 461 3312; x_wconf 91' lang='lat' dir='ltr'>etsi</span> <span class='ocrx_word' id='word_1_283' title='bbox 488 3269 537 3311; x_wconf 86' lang='lat' dir='ltr'>res</span> <span class='ocrx_word' id='word_1_284' title='bbox 565 3260 632 3311; x_wconf 88' lang='lat' dir='ltr'>erat</span> <span class='ocrx_word' id='word_1_285' title='bbox 659 3252 772 3312; x_wconf 92' lang='lat' dir='ltr'>multae</span> <span class='ocrx_word' id='word_1_286' title='bbox 795 3270 904 3332; x_wconf 88' lang='lat' dir='ltr'>operae</span> <span class='ocrx_word' id='word_1_287' title='bbox 926 3268 962 3311; x_wconf 87' lang='lat' dir='ltr'>ac</span> <span class='ocrx_word' id='word_1_288' title='bbox 983 3248 1112 3320; x_wconf 83' lang='lat' dir='ltr'>laboris,</span> 
     </span>
     <span class='ocr_line' id='line_1_36' title="bbox 86 3332 1156 3398; baseline -0.001 0"><span class='ocrx_word' id='word_1_289' title='bbox 86 3345 190 3398; x_wconf 90' lang='lat' dir='ltr'>tamen</span> <span class='ocrx_word' id='word_1_290' title='bbox 218 3337 493 3398; x_wconf 90' lang='lat' dir='ltr'>commodissimum</span> <span class='ocrx_word' id='word_1_291' title='bbox 520 3355 590 3396; x_wconf 89' lang='lat' dir='ltr'>esse</span> <span class='ocrx_word' id='word_1_292' title='bbox 612 3338 722 3397; x_wconf 88' lang='lat' dir='ltr'>statuit</span> <span class='ocrx_word' id='word_1_293' title='bbox 743 3356 848 3398; x_wconf 89' lang='lat' dir='ltr'>omnes</span> <span class='ocrx_word' id='word_1_294' title='bbox 871 3353 965 3396; x_wconf 87' lang='lat' dir='ltr'>naves</span> <span class='ocrx_word' id='word_1_295' title='bbox 989 3332 1156 3397; x_wconf 68' lang='lat' dir='ltr'>subducite</span> 
     </span>
     <span class='ocr_line' id='line_1_37' title="bbox 86 3418 1115 3503; baseline -0.003 -20"><span class='ocrx_word' id='word_1_296' title='bbox 86 3432 118 3483; x_wconf 85' lang='lat' dir='ltr'>et</span> <span class='ocrx_word' id='word_1_297' title='bbox 140 3441 205 3484; x_wconf 94' lang='lat' dir='ltr'>oum</span> <span class='ocrx_word' id='word_1_298' title='bbox 229 3423 337 3485; x_wconf 89' lang='lat' dir='ltr'>castris</span> <span class='ocrx_word' id='word_1_299' title='bbox 359 3442 421 3484; x_wconf 87' lang='lat' dir='ltr'>una</span> <span class='ocrx_word' id='word_1_300' title='bbox 443 3422 610 3485; x_wconf 88' lang='lat' dir='ltr'>munitione</span> <span class='ocrx_word' id='word_1_301' title='bbox 633 3423 780 3503; x_wconf 87' lang='lat' dir='ltr'>coniungi.</span> <span class='ocrx_word' id='word_1_302' title='bbox 813 3423 849 3484; x_wconf 93' lang='lat' dir='ltr'>In</span> <span class='ocrx_word' id='word_1_303' title='bbox 872 3421 920 3482; x_wconf 91' lang='lat' dir='ltr'>his</span> <span class='ocrx_word' id='word_1_304' title='bbox 942 3420 1032 3481; x_wconf 90' lang='lat' dir='ltr'>rebus</span> <span class='ocrx_word' id='word_1_305' title='bbox 1055 3418 1115 3480; x_wconf 88' lang='lat' dir='ltr'>oir-</span> 
     </span>
     <span class='ocr_line' id='line_1_38' title="bbox 87 3505 1114 3590; baseline -0.004 -20"><span class='ocrx_word' id='word_1_306' title='bbox 87 3508 161 3570; x_wconf 87' lang='lat' dir='ltr'>citer</span> <span class='ocrx_word' id='word_1_307' title='bbox 182 3508 247 3570; x_wconf 92' lang='lat' dir='ltr'>dies</span> <span class='ocrx_word' id='word_1_308' title='bbox 269 3524 296 3569; x_wconf 85' lang='lat' dir='ltr'><strong>x</strong></span> <span class='ocrx_word' id='word_1_309' title='bbox 317 3509 468 3571; x_wconf 88' lang='lat' dir='ltr'>consumit</span> <span class='ocrx_word' id='word_1_310' title='bbox 489 3528 528 3569; x_wconf 95' lang='lat' dir='ltr'>ne</span> <span class='ocrx_word' id='word_1_311' title='bbox 550 3508 704 3569; x_wconf 78' lang='lat' dir='ltr'>nost-urnis</span> <span class='ocrx_word' id='word_1_312' title='bbox 726 3509 844 3590; x_wconf 91' lang='lat' dir='ltr'>quidem</span> <span class='ocrx_word' id='word_1_313' title='bbox 866 3505 1051 3584; x_wconf 92' lang='lat' dir='ltr'>temporibus</span> <span class='ocrx_word' id='word_1_314' title='bbox 1073 3505 1114 3567; x_wconf 88' lang='lat' dir='ltr'>ad</span> 
     </span>
     <span class='ocr_line' id='line_1_39' title="bbox 88 3589 1114 3657; baseline -0.004 -1"><span class='ocrx_word' id='word_1_315' title='bbox 88 3593 222 3656; x_wconf 88' lang='lat' dir='ltr'>laborem</span> <span class='ocrx_word' id='word_1_316' title='bbox 251 3594 379 3657; x_wconf 91' lang='lat' dir='ltr'>militum</span> <span class='ocrx_word' id='word_1_317' title='bbox 406 3593 599 3656; x_wconf 88' lang='lat' dir='ltr'>intermissis.</span> <span class='ocrx_word' id='word_1_318' title='bbox 650 3593 813 3657; x_wconf 90' lang='lat' dir='ltr'>Subductis</span> <span class='ocrx_word' id='word_1_319' title='bbox 836 3592 964 3655; x_wconf 90' lang='lat' dir='ltr'>navibus</span> <span class='ocrx_word' id='word_1_320' title='bbox 987 3589 1114 3653; x_wconf 84' lang='lat' dir='ltr'>castris-</span> 
     </span>
    </p>
   </div>
   <div class='ocr_carea' id='block_1_5' title="bbox 86 3675 1157 4017">
    <p class='ocr_par' dir='ltr' id='par_1_6' title="bbox 86 3675 1157 4017">
     <span class='ocr_line' id='line_1_40' title="bbox 87 3675 1114 3762; baseline -0.004 -20"><span class='ocrx_word' id='word_1_321' title='bbox 87 3699 146 3760; x_wconf 93' lang='lat' dir='ltr'>que</span> <span class='ocrx_word' id='word_1_322' title='bbox 173 3681 288 3762; x_wconf 88' lang='lat' dir='ltr'>egregie</span> <span class='ocrx_word' id='word_1_323' title='bbox 310 3682 433 3743; x_wconf 89' lang='lat' dir='ltr'>munitis</span> <span class='ocrx_word' id='word_1_324' title='bbox 456 3682 579 3742; x_wconf 90' lang='lat' dir='ltr'>easdem</span> <span class='ocrx_word' id='word_1_325' title='bbox 602 3681 719 3760; x_wconf 85' lang='lat' dir='ltr'>copias,</span> <span class='ocrx_word' id='word_1_326' title='bbox 749 3700 824 3761; x_wconf 88' lang='lat' dir='ltr'>quas</span> <span class='ocrx_word' id='word_1_327' title='bbox 847 3688 933 3751; x_wconf 88' lang='lat' dir='ltr'>ante,</span> <span class='ocrx_word' id='word_1_328' title='bbox 961 3675 1114 3756; x_wconf 90' lang='lat' dir='ltr'>praesidio</span> 
     </span>
     <span class='ocr_line' id='line_1_41' title="bbox 88 3763 1157 3848; baseline -0.002 -22"><span class='ocrx_word' id='word_1_329' title='bbox 88 3766 217 3828; x_wconf 90' lang='lat' dir='ltr'>navibus</span> <span class='ocrx_word' id='word_1_330' title='bbox 240 3767 377 3847; x_wconf 86' lang='lat' dir='ltr'>reliquit3</span> <span class='ocrx_word' id='word_1_331' title='bbox 405 3768 471 3848; x_wconf 89' lang='lat' dir='ltr'>ipse</span> <span class='ocrx_word' id='word_1_332' title='bbox 494 3767 614 3841; x_wconf 90' lang='lat' dir='ltr'>eodem,</span> <span class='ocrx_word' id='word_1_333' title='bbox 638 3769 717 3829; x_wconf 91' lang='lat' dir='ltr'>unde</span> <span class='ocrx_word' id='word_1_334' title='bbox 739 3768 884 3838; x_wconf 84' lang='lat' dir='ltr'>redierat,</span> <span class='ocrx_word' id='word_1_335' title='bbox 908 3763 1113 3844; x_wconf 84' lang='lat' dir='ltr'>proficiscitur.</span> <span class='ocrx_word' id='word_1_336' title='bbox 1128 3786 1157 3825; x_wconf 76' lang='lat' dir='ltr'>so</span> 
     </span>
     <span class='ocr_line' id='line_1_42' title="bbox 87 3848 1117 3933; baseline -0.001 -22"><span class='ocrx_word' id='word_1_337' title='bbox 87 3851 133 3912; x_wconf 83' lang='lat' dir='ltr'>Eo</span> <span class='ocrx_word' id='word_1_338' title='bbox 167 3871 234 3914; x_wconf 89' lang='lat' dir='ltr'>oum</span> <span class='ocrx_word' id='word_1_339' title='bbox 266 3852 416 3927; x_wconf 85' lang='lat' dir='ltr'>venisset,</span> <span class='ocrx_word' id='word_1_340' title='bbox 450 3852 581 3915; x_wconf 89' lang='lat' dir='ltr'>maiores</span> <span class='ocrx_word' id='word_1_341' title='bbox 614 3853 676 3915; x_wconf 88' lang='lat' dir='ltr'>iam</span> <span class='ocrx_word' id='word_1_342' title='bbox 704 3854 835 3933; x_wconf 90' lang='lat' dir='ltr'>undique</span> <span class='ocrx_word' id='word_1_343' title='bbox 862 3851 893 3912; x_wconf 93' lang='lat' dir='ltr'>in</span> <span class='ocrx_word' id='word_1_344' title='bbox 922 3868 988 3910; x_wconf 91' lang='lat' dir='ltr'>enm</span> <span class='ocrx_word' id='word_1_345' title='bbox 1015 3848 1117 3910; x_wconf 87' lang='lat' dir='ltr'>locum</span> 
     </span>
     <span class='ocr_line' id='line_1_43' title="bbox 86 3934 1115 4017; baseline -0.003 -21"><span class='ocrx_word' id='word_1_346' title='bbox 86 3938 191 4017; x_wconf 83' lang='lat' dir='ltr'>copiae</span> <span class='ocrx_word' id='word_1_347' title='bbox 222 3939 439 4002; x_wconf 86' lang='lat' dir='ltr'>Britannorum</span> <span class='ocrx_word' id='word_1_348' title='bbox 466 3949 671 4001; x_wconf 83' lang='lat' dir='ltr'>convenerant</span> <span class='ocrx_word' id='word_1_349' title='bbox 701 3959 819 4002; x_wconf 88' lang='lat' dir='ltr'>summa</span> <span class='ocrx_word' id='word_1_350' title='bbox 846 3935 964 4017; x_wconf 89' lang='lat' dir='ltr'>imperii</span> <span class='ocrx_word' id='word_1_351' title='bbox 987 3934 1115 4015; x_wconf 86' lang='lat' dir='ltr'>bellique</span> 
     </span>
    </p>
   </div>
   <div class='ocr_carea' id='block_1_6' title="bbox 0 0 1312 4492">
    <p class='ocr_par' dir='ltr' id='par_1_7' title="bbox 0 0 1312 4492">
     <span class='ocr_line' id='line_1_44' title="bbox 0 0 1312 4492; baseline 0 0"><span class='ocrx_word' id='word_1_352' title='bbox 0 0 1312 4492; x_wconf 95' lang='lat' dir='ltr'> </span> 
     </span>
    </p>
   </div>
  </div>
 </body>
</html>
