2616 4492
415 295 484 343 mn.
500 297 547 343 vr.
570 297 648 343 oar.
662 280 799 343 28-33.
1058 280 1120 343 los

97 433 230 514 equitnm
262 439 433 496 nostrorum
466 436 528 497 vim
565 437 780 498 sustinuemnt.
830 436 887 497 His
914 435 1118 515 pugnantibus

92 521 179 582 illum
208 520 240 581 in
268 539 376 600 equum
399 522 521 601 qnidam
544 542 582 584 ex
603 523 664 584 suis
688 522 805 595 intulit;
838 521 1000 602 fugientem
1021 516 1117 585 silva'e

96 615 247 668 texerunt.
303 605 355 668 Sic
383 617 414 668 et
441 611 481 670 ad
503 609 691 671 subeundum
712 608 874 689 periculum
899 616 930 669 et
952 609 992 669 ad
1013 608 1115 669 vitan-

94 695 164 754 dum
186 692 315 755 multum
337 695 460 755 fortuna
481 695 587 756 valuit.
758 703 762 712 ’

158 778 321 840 Ambiorix
342 781 444 858 copias
468 801 540 842 snas
562 780 709 842 iudicione
731 799 791 841 non
814 779 1006 852 conduxerit,
1036 781 1116 859 quod
1124 783 1157 834 31

94 865 209 944 proelio
233 865 433 927 dimicandum
457 886 516 929 non
540 867 735 940 existimarit,
759 886 799 926 an
822 875 954 946 tempore
978 866 1144 930 exclusust

95 959 127 1012 et
159 951 315 1030 repentino
350 952 483 1031 equitum
512 955 644 1016 adventu
671 953 854 1033 prohibitus,
883 972 949 1013 cnm
971 952 1117 1033 reliquum

94 1038 261 1099 exercitum
288 1040 431 1118 subsequi
459 1041 608 1114 crederet,
644 1040 765 1101 dubium
793 1048 855 1112 est3
890 1041 944 1100 sed
966 1049 1045 1100 certe
1067 1040 1117 1103 di·-

94 1124 197 1185 missis
230 1143 284 1203 per
317 1143 405 1204 agros
438 1127 551 1187 nuntiis
586 1126 644 1188 sibi
672 1145 818 1205 quemque
841 1126 996 1186 consulere
1018 1126 1116 1189 iussit.

95 1208 230 1278 Quorum
258 1230 328 1289 pars
352 1211 383 1271 in
405 1212 604 1273 Arduennam
627 1212 751 1286 silvam,
780 1231 851 1290 pars
874 1212 905 1272 in
928 1212 1117 1273 continentes
1131 1233 1159 1272 ro

93 1297 220 1375 paludes
249 1298 395 1377 profugit3
430 1299 480 1378 qui
502 1299 631 1378 proximi
653 1298 774 1364 Oceano
797 1300 932 1371 luerunt,
955 1298 988 1359 hi
1009 1297 1115 1359 insulis

94 1403 162 1444 sese
185 1382 426 1459 occultaverunt,
450 1405 525 1464 quas
549 1395 652 1447 aestus
675 1387 792 1446 efficere
808 1392 1006 1456 consuerunt;
1029 1383 1116 1445 multi

94 1488 132 1530 ex
160 1469 224 1529 suis
251 1470 360 1531 finibus
384 1472 496 1550 egressi
518 1492 551 1533 se
573 1491 686 1550 suaque
709 1472 811 1532 omnia
833 1469 1025 1531 alienissimis
1048 1488 1116 1531 cro-

93 1555 243 1617 diderunt.
299 1556 497 1628 Catamitus,
536 1577 590 1619 rex
622 1557 763 1617 dimidiae
795 1556 892 1636 partis
924 1555 1115 1628 Eburonum,

94 1641 146 1720 qni
167 1661 228 1702 una
250 1661 316 1702 oum
338 1642 516 1721 Ambiorige
532 1643 686 1704 consilium
702 1643 827 1716 inierat,
852 1650 952 1702 aetate
966 1641 1028 1702 iam
1043 1659 1116 1702 con-
1131 1663 1158 1701 rs

92 1728 189 1788 fectus
211 1746 278 1788 curn
300 1727 431 1788 laborem
446 1728 517 1789 belli
535 1738 589 1790 aut
604 1731 692 1807 lagae
706 1730 782 1789 ferre
797 1747 858 1788 non
872 1737 992 1806 posset,
1016 1726 1117 1787 omni-

93 1814 151 1874 bus
185 1813 321 1891 precibus
355 1815 524 1874 detestatus
557 1813 779 1892 Ambiorigem,
819 1813 870 1893 qui
904 1813 967 1874 eius
1000 1812 1117 1875 consilii

94 1907 199 1960 auctor
221 1898 342 1973 luisset,
366 1909 454 1974 taxo,
477 1901 560 1962 cuius
582 1920 693 1981 magna
715 1901 746 1960 in
770 1899 872 1962 Gallia
894 1898 1117 1981 Germaniaque

95 1984 182 2064 copia
204 1993 267 2059 est,
291 2004 325 2046 se
348 1987 543 2048 exanimavit.

160 2069 253 2150 Segni
280 2071 489 2152 Condrusique
511 2093 549 2135 ex
571 2082 658 2152 gente
682 2081 712 2132 et
734 2089 857 2132 numero
880 2069 1159 2144 Germanorum,32

93 2157 143 2236 qni
175 2167 247 2218 sunt
268 2157 345 2219 inter
365 2159 523 2221 Eburones
547 2160 770 2237 Treverosque,
799 2157 915 2237 legatos
938 2158 977 2218 ad
1000 2156 1116 2217 Caesa·
1131 2180 1154 2217 21

93 2262 156 2305 rem
178 2243 325 2305 miserunt
348 2255 480 2319 oratum,
514 2266 552 2308 ne
580 2266 613 2307 se
643 2245 674 2306 in
698 2244 829 2305 hostium
851 2262 973 2304 numero
997 2244 1118 2303 duceret

93 2349 169 2391 neve
203 2331 336 2395 omnium
369 2330 607 2406 Germanorum,
642 2332 693 2411 qui
727 2340 831 2392 essent
859 2330 935 2391 citra
960 2329 1115 2402 Rhenum,

92 2436 185 2478 unam
208 2437 275 2478 esse
298 2437 419 2479 causam
441 2419 602 2480 iudicaret:
626 2418 700 2479 nihil
724 2436 756 2478 se
779 2416 909 2477 debello
925 2415 1115 2495 cogitavisse,

92 2502 177 2563 nulla
197 2503 368 2584 Ambiorigi
384 2504 496 2566 auxilia
510 2506 639 2566 misisse.
674 2504 788 2564 Caesar
804 2502 962 2581 explorata
976 2521 1008 2561 re
1022 2520 1117 2580 quae-
1130 2525 1158 2563 ns

93 2588 192 2649 stione
214 2590 417 2668 captivorum,
441 2591 467 2651 si
490 2592 540 2670 qui
563 2593 603 2652 ad
625 2611 677 2652 eos
700 2591 859 2650 Eburones
883 2607 921 2648 ex
945 2590 1016 2668 fuga
1041 2606 1116 2648 con·

91 2675 265 2747 venissent,
294 2677 333 2736 ad
356 2685 445 2737 seut
468 2679 678 2739 reducerentur
699 2675 874 2755 imperavit:
911 2674 937 2735 si
958 2674 1003 2735 ita
1024 2673 1115 2734 fecis·

93 2769 178 2834 sent,
208 2762 283 2821 fines
307 2779 408 2822 eorum
431 2783 464 2822 se
486 2763 667 2825 violaturum
691 2762 822 2842 negavit.
867 2761 945 2821 Tum
968 2760 1061 2838 copiis
1084 2758 1115 2820 in

92 2855 156 2906 tres
171 2856 274 2924 partos
290 2846 458 2908 distributis
473 2847 689 2928 impedimenta
701 2849 831 2909 omnium
844 2847 994 2925 legionum
1005 2846 1115 2907 Adua-

93 2939 194 2991 tucam
222 2931 358 2992 contulit.
401 2932 438 2993 Id
465 2936 583 2996 castelli
612 2954 720 2996 nomen
742 2945 798 2995 est.
843 2934 911 2993 Hoo
931 2933 992 2993 fere
1015 2940 1063 2992 est
1082 2931 1114 2992 in
1129 2956 1157 2993 so

92 3017 200 3077 mediis
223 3017 398 3078 Eburonum
420 3019 546 3093 finibus,
571 3021 621 3082 ubi
637 3020 772 3081 Titurius
788 3028 879 3098 atque
893 3016 1114 3083 Aurunculeius

92 3103 246 3165 hiemandi
279 3122 370 3165 causa
403 3105 608 3168 consederant.
653 3107 743 3166 Hunc
776 3125 842 3166 oum
875 3103 996 3181 reliquis
1025 3104 1114 3163 rebus

92 3190 190 3250 locum
213 3190 374 3268 probarat,
398 3199 463 3250 turn
487 3192 565 3269 quod
587 3192 751 3271 superioris
774 3191 845 3251 anni
867 3189 1048 3250 munitiones
1064 3188 1114 3249 in-

92 3285 195 3355 tegrae
219 3277 397 3348 manebant,
426 3284 459 3337 ut
481 3270 610 3338 militum
632 3277 766 3338 laborem
789 3275 971 3338 sublevaret.
1015 3274 1114 3334 Prae-

92 3363 168 3424 sidio
202 3362 423 3441 impedimentis
456 3362 602 3442 legionem
636 3372 774 3442 quartam
803 3361 946 3424 decimam
974 3360 1113 3438 reliquit,
1129 3385 1157 3423 rs

93 3468 185 3510 unam
214 3467 251 3508 ex
278 3448 325 3508 his
353 3448 464 3521 tribus,
494 3469 570 3528 quas
593 3451 726 3529 proxime
755 3447 940 3527 conscriptas
964 3466 1001 3507 ex
1022 3447 1116 3509 Italia

92 3537 276 3596 traduxerat.
322 3534 368 3595 Ei·
394 3535 502 3614 legioni
529 3537 696 3615 castrisque
725 3533 762 3605 Q.
787 3535 919 3597 Tullium
942 3533 1115 3595 Ciceronem

92 3621 227 3700 praeficit
250 3622 452 3700 ducentosque
476 3623 590 3701 equites
614 3622 760 3696 attribuit.

156 3706 275 3768 Partito
311 3708 440 3770 exercitu
473 3709 508 3769 T.
531 3709 702 3770 Labienum
732 3729 799 3773 cum
825 3706 992 3782 legionibus
1018 3705 1157 3766 tribus33

93 3794 133 3853 ad
155 3793 309 3855 Oceanum
331 3813 437 3855 versus
459 3795 491 3855 in
514 3815 566 3856 eas
589 3807 708 3874 partes,
736 3815 813 3874 quae
836 3792 995 3871 Menapios
1018 3791 1113 3853 attin·
1127 3815 1156 3855 eo

93 3888 181 3957 gunt,
215 3879 365 3959 proficisci
389 3881 487 3955 iubet3
522 3881 560 3942 G.
584 3883 764 3944 Trebonium
787 3901 853 3944 curn
876 3879 942 3958 pari
965 3877 1113 3957 legionum

93 3984 218 4027 numero
252 3967 292 4026 ad
320 3986 388 4027 earn
416 3969 581 4047 regionem,
617 3990 693 4049 quae
721 3972 760 4031 ad
782 3969 959 4030 Aduatucos
981 3964 1112 4036 adiacet,
