2616 4492
232 280 254 345 2
555 304 598 347 nn
623 305 741 350 usnnrs
769 275 924 350 conronrr(

227 458 399 512 esttamen
427 450 547 513 aliunde
574 453 719 515 sumenda
745 452 839 514 omnis
866 454 921 516 illa
945 451 1072 528 notitia,
1099 452 1154 515 sed
1171 451 1249 532 ipsis

226 549 312 613 libris
339 552 548 631 cognoscendis
576 562 762 634 comparetur
786 575 908 617 necesse
932 563 989 617 est.
1036 553 1115 614 Sunt
1131 553 1162 615 hi
1182 573 1250 615 suo·

227 671 292 714 rum
331 653 389 733 ipsi
428 654 526 716 idonei
565 662 660 717 testes
700 655 918 719 calamitatum.
977 653 1098 717 Etenim
1125 673 1193 716 curn
1218 653 1251 716 in

228 754 430 835 compluribus
461 759 550 817 rebus
583 765 685 836 aperte
719 765 873 837 corruptos
911 777 944 820 se
978 757 1142 836 praebeant
1169 753 1250 817 codi-

227 875 293 931 ces,
320 855 350 916 in
378 855 577 936 suspicionem
602 877 633 920 re
660 860 790 920 adducta
816 857 841 919 si
868 879 907 920 ex
932 876 1027 938 aequo
1052 864 1148 919 totum
1173 874 1250 935 opus

227 959 473 1036 perscrutandum
499 958 734 1037 susceperimus,
760 958 866 1021 iterum
891 979 926 1022 ac
950 958 1071 1038 saepius
1095 975 1249 1018 recurrere

227 1057 392 1119 videbimus
425 1058 534 1119 diversi
567 1060 682 1138 generis
715 1059 872 1138 exempla,
906 1061 997 1121 donec
1025 1056 1169 1120 facillime
1197 1077 1250 1136 ap-

227 1167 332 1237 pareat
371 1179 437 1222 esse
476 1160 627 1240 quandam
657 1160 786 1223 indolem
817 1159 960 1223 vitiorum
990 1157 1250 1221 consuetudinem·

227 1278 284 1339 que
310 1259 471 1339 peccandi,
504 1279 612 1340 quam,
645 1260 669 1322 si
702 1259 848 1322 latissime
876 1269 979 1341 serpat
1004 1257 1091 1320 novis
1118 1257 1247 1320 subinde

228 1359 494 1439 depravationibus
527 1369 618 1423 aucta
648 1370 678 1423 et
710 1369 896 1440 propagata,
929 1361 1093 1423 sollennem
1120 1379 1156 1421 ac
1183 1359 1249 1420 vul-

228 1479 329 1540 garem
361 1459 458 1522 dicere
491 1463 537 1523 fas
564 1461 614 1524 sit.
666 1459 783 1532 Quibus
809 1461 840 1523 in
866 1464 955 1524 rebus
981 1462 1038 1523 hae
1065 1457 1248 1540 conspicuae

228 1569 315 1622 erunt
340 1561 440 1638 labes,
469 1571 523 1624 aut
547 1581 674 1642 parvam
700 1571 754 1624 ant
779 1562 893 1626 nullam
921 1560 1038 1624 omuino
1065 1579 1134 1622 esse
1162 1567 1250 1640 patet

227 1661 361 1724 codicum
387 1663 614 1741 auctoritatem,
645 1663 771 1744 ideoque
797 1663 827 1723 in
854 1664 902 1726 his
927 1681 986 1723 non
1011 1669 1076 1723 tam
1099 1660 1180 1741 quod
1198 1680 1250 1724 ex·

226 1762 352 1825 hibeant
390 1762 433 1824 illi
466 1783 555 1845 quarn
589 1765 668 1845 qnod
701 1765 883 1827 consuetudo
915 1761 1060 1825 sermonis
1091 1760 1250 1842 ipsiusque

228 1865 361 1925 auctoris
388 1863 540 1944 ingenium
565 1873 597 1926 et
622 1863 664 1926 rei
691 1873 800 1926 natura
825 1865 928 1944 exigat
952 1861 1184 1942 respiciendum.

277 1962 344 2033 Quo
371 1964 506 2044 pluribus
532 1965 606 2027 locis
632 1965 712 2028 idem
738 1973 791 2026 aut
817 1966 950 2028 eiusdem
977 1961 1095 2044 generis
1122 1961 1249 2025 manife-

229 2074 274 2127 ste
300 2074 428 2145 apparet
452 2084 544 2141 error,
572 2085 607 2128 eo
626 2064 817 2128 verisimilius
835 2067 985 2129 certiusve
1001 2072 1048 2126 est
1075 2062 1149 2126 alibi
1177 2082 1249 2144 quo·

229 2185 287 2246 que
313 2166 343 2226 in
370 2167 476 2228 eadem
502 2185 534 2226 re
560 2167 674 2246 pariter
698 2186 764 2229 esse
789 2176 957 2246 peccatum,
981 2165 1064 2247 quod
1081 2173 1147 2227 tum
1165 2172 1245 2227 oorte

230 2267 440 2346 auspicandum
466 2275 525 2342 est,
557 2267 582 2328 ei
609 2267 656 2329 his
682 2266 756 2348 ipsis
783 2267 856 2331 locis
882 2266 1144 2347 deprehenduntnr
1169 2283 1247 2345 qnae

230 2386 298 2429 cnm
324 2389 343 2429 a
369 2367 515 2429 communi
542 2388 598 2428 usn
624 2366 763 2448 loquendi
790 2369 889 2432 aliena
914 2367 994 2443 sint,
1026 2375 1092 2428 tum
1118 2385 1138 2428 a
1164 2373 1249 2427 tersa

231 2487 267 2528 ac
305 2487 450 2546 generosa
488 2466 601 2529 dicendi
634 2467 751 2530 ratione
785 2468 927 2532 Caesaris
960 2468 1161 2542 abhorreant,
1196 2473 1250 2528 ant

231 2587 298 2629 cum
315 2588 347 2630 re
365 2568 433 2647 ipsa
451 2576 482 2630 et
498 2568 626 2631 veritate
644 2568 742 2631 minus
760 2570 950 2633 conveniant.
995 2564 1144 2638 Quamvis
1162 2585 1247 2642 vero,

232 2687 289 2750 quo
316 2667 496 2749 frequentior
522 2678 569 2731 est
595 2669 697 2751 aliqua
723 2670 867 2733 orationis
894 2668 1085 2745 deformitas,
1122 2687 1159 2729 eo
1186 2687 1249 2730 ma·

232 2769 277 2848 gis
305 2771 343 2831 ad
368 2789 431 2831 rem
458 2771 708 2850 comprobandam
733 2768 854 2848 valeat,
880 2778 1065 2832 nontamen
1090 2766 1193 2830 omnia
1209 2766 1249 2829 ad

232 2870 453 2934 multitudinem
491 2872 695 2952 exemplorum
728 2879 797 2934 sunt
827 2873 1010 2934 revocanda:
1050 2888 1121 2933 nam
1160 2868 1248 2930 facile

233 2991 298 3033 esse
325 2981 450 3054 apparet
475 2992 551 3054 qnae
575 2971 622 3034 his
648 2971 678 3033 iu
705 2971 807 3050 libris,
845 2973 877 3034 in
912 2973 1019 3054 quibus
1058 2969 1249 3034 recensendis

233 3092 406 3148 versamur,
444 3074 494 3136 vel
527 3072 652 3152 singulis
683 3072 798 3136 vicibus
831 3072 1019 3152 contigerint.
1072 3072 1181 3151 Itaque
1215 3077 1249 3131 ut

234 3193 311 3253 quae
344 3196 383 3237 ex
415 3194 473 3237 uno
506 3173 605 3237 codice
637 3182 691 3236 aut
721 3172 857 3254 pluribus
884 3174 966 3236 'inter
992 3192 1025 3236 se
1053 3171 1249 3253 aequalibus,

234 3274 283 3355 qui
316 3276 459 3356 scriptum
491 3276 614 3355 aliquod
644 3275 755 3338 veteris
782 3275 912 3339 auctoris
939 3273 1160 3355 quodammodo
1188 3289 1249 3333 cor·

233 3384 354 3455 ruptum
380 3377 560 3452 exhibeant,
586 3379 799 3456 depromuntur
825 3375 965 3456 exempla
990 3374 1121 3439 maxime
1137 3372 1249 3434 idonea

235 3484 321 3552 sunt,
348 3476 455 3558 quibus
480 3497 558 3559 quae
584 3479 624 3541 ad
649 3477 680 3539 id
704 3477 803 3557 ipsum
829 3475 974 3556 scriptum
990 3475 1164 3556 pertineant
1182 3493 1249 3536 con·

234 3579 399 3655 firmentur,
430 3577 476 3639 ita
502 3577 621 3641 minime
647 3577 797 3641 sufficiunt
822 3581 861 3642 ad
887 3597 990 3641 omnes
1016 3597 1083 3653 res,
1115 3595 1192 3657 quae
1218 3573 1249 3636 in

235 3678 437 3759 quaestionem
457 3678 758 3760 disceptationemque
776 3686 930 3758 vocentur,
956 3677 1169 3759 explicandas,
1196 3674 1251 3737 sed

235 3799 274 3840 ex
300 3779 356 3854 iis,
388 3780 438 3861 qui
464 3778 590 3842 aliorum
618 3799 710 3860 opera
735 3781 903 3856 continent,
936 3779 1104 3855 codicibus,
1138 3776 1166 3840 si
1198 3774 1249 3858 qni

234 3897 324 3958 pares
350 3888 453 3958 erunt,
480 3880 615 3944 subsidia
641 3900 782 3963 quaerere
807 3901 883 3962 opus
907 3889 963 3944 est.
1014 3876 1173 3950 Quatenus
1196 3875 1250 3956 igi·

235 3986 285 4040 tur
301 3979 332 4041 in
353 3981 408 4061 iis,
434 3981 486 4063 qui
504 3982 540 4045 de
558 3981 681 4065 reliquis
699 3983 870 4048 auctoribus
890 3989 1031 4058 exstant,
1053 3978 1139 4045 libris
1158 3994 1250 4041 manu
