2616 4492
142 281 184 351 26
483 299 600 351 61166
621 299 825 353 6666166616.

143 448 216 502 6666
243 440 293 503 661
314 440 387 503 novi
410 441 526 523 aliquid
549 442 748 521 germinavit,
770 450 805 506 ut
828 442 902 515 103,
926 442 962 504 11
988 439 1024 504 66
1051 441 1089 504 iu
1111 440 1168 504 iu·

141 526 223 590 sutis
244 527 287 602 M,
314 528 385 603 124,
402 530 439 590 21
459 525 758 605 dedistiucat'PRA,
785 529 912 603 111,15
930 548 1002 592 oum
1016 528 1168 592 616666166-

139 622 186 677 set
206 615 236 677 R
253 615 466 698 (mutabantur
488 617 568 678 inter
591 636 624 679 66
646 625 712 680 6616
732 617 768 680 66
785 616 947 680 6661661611
961 637 995 678 m
1008 623 1042 677 et
1055 616 1103 689 iu,
1127 616 1167 680 ci.

139 719 168 781 p.
188 703 252 780 10).
296 702 526 765 Pullulantibus
549 703 711 766 verborum
733 703 840 766 formis
863 704 895 766 in
918 701 1008 766 PRA
1031 702 1106 775 131,
1123 704 1166 764 20

138 789 316 870 accepisset,
344 789 414 864 160,
430 790 469 851 41
495 789 672 864 adduceret,
695 790 727 852 in
749 789 781 853 A
802 791 908 864 37,11
933 789 1069 852 uidisset
1089 787 1168 852 haee

129 873 340 937 exstiterunt:
364 877 534 958 accepisset
547 883 585 952 et,
608 877 778 940 adduceret
798 883 836 951 et,
859 876 993 940 uidisset
1014 882 1052 941 ct
1098 874 1166 938 Ao-

138 962 248 1024 6611666
271 963 411 1042 exempla
437 962 507 1037 154,
525 963 565 1025 26
585 963 753 1046 promouit
773 969 802 1025 et
823 963 922 1036 PRV,
949 961 1021 1036 165,
1038 961 1080 1025 18
1103 963 1165 1024 661-

137 1047 213 1111 isset
233 1057 279 1112 set
300 1049 404 1112 MTU.
449 1050 546 1130 Atqui
569 1051 622 1124 23,
642 1051 664 1114 4
681 1055 791 1133 posset
811 1056 848 1124 et,
873 1047 962 1124 60,4
985 1049 1165 1124 6116666666,

139 1133 210 1209 168,
227 1137 268 1197 23
291 1134 427 1222 laederet
448 1143 476 1200 et
497 1137 653 1218 16666666
682 1137 719 1198 de
740 1134 851 1217 661666
875 1136 947 1218 quid
969 1134 1166 1199 iudicandum

137 1222 191 1298 616,
215 1223 275 1284 iam
300 1232 440 1303 apparet.
468 1223 518 1284 Ex
541 1224 611 1285 aliis
635 1222 739 1287 verbis
761 1232 825 1284 66111
845 1222 1165 1304 (166116666666611-

136 1319 240 1388 empta
269 1309 379 1370 ultima
407 1309 529 1392 syllaba
556 1311 606 1371 vel
635 1311 742 1372 littera
770 1309 832 1371 levi
860 1311 1036 1391 plerumque
1060 1316 1165 1372 61666-

136 1396 326 1458 6166616666
349 1408 471 1459 enatum
494 1405 542 1458 est
563 1398 666 1459 nescio
682 1396 754 1476 quid
769 1415 925 1476 nugarum.
969 1397 1062 1469 Ecce,
1087 1415 1165 1477 quae

136 1483 273 1545 adhaec
296 1493 448 1563 spectant,
473 1493 632 1564 congesta:
656 1482 710 1559 96,
733 1483 753 1544 3
775 1484 831 1546 ubi
853 1484 894 1559 ie,
918 1481 971 1558 94,
987 1484 1028 1545 32
1052 1482 1165 1545 666166

135 1571 184 1630 vel
206 1570 261 1632 666
282 1571 320 1644 66,
344 1569 397 1645 94,
421 1567 462 1631 39
484 1570 539 1632 ubi
560 1570 693 1644 horum,
722 1563 775 1644 95,
797 1569 839 1631 41
863 1569 946 1633 6666
966 1569 1021 1644 666,
1045 1566 1098 1642 39,
1124 1567 1165 1633 19

125 1656 261 1738 finitum
289 1656 385 1738 isque,
417 1656 471 1731 38,
496 1656 684 1738 1061666616
705 1655 767 1730 1166,
804 1657 876 1732 136,
899 1658 936 1718 31
960 1655 1101 1737 finitimi
1124 1656 1163 1730 si,

135 1742 187 1818 49,
213 1744 228 1806 l
244 1743 408 1826 finitimae
438 1738 477 1806 66
509 1741 578 1826 (661
601 1743 738 1823 sequitur
759 1741 838 1824 666),
863 1741 936 1818 168,
959 1744 1001 1804 42
1025 1744 1165 1806 obscure

134 1828 257 1905 166166,
282 1830 334 1905 61,
350 1831 393 1892 33
408 1828 565 1893 maritum
585 1850 684 1905 oecos,
709 1828 761 1903 46,
777 1829 816 1892 31
841 1831 996 1913 consectae
1016 1829 1087 1905 666,
1110 1829 1164 1904 63,

135 1918 155 1977 2
178 1918 354 1999 inportatis
383 1917 445 1992 1166,
471 1916 521 1991 11,
544 1915 587 1978 27
609 1909 714 1981 locum
742 1935 813 1978 cum
842 1914 1055 1992 contuleruut,
1089 1916 1162 1991 123,

135 2003 176 2064 34
199 2004 363 2066 coustituit
383 2009 428 2077 ut,
458 2002 511 2079 98,
534 2003 577 2065 32
596 2004 724 2086 fluiuut
749 2009 795 2078 ut,
828 2003 881 2078 86,
906 2002 947 2065 38
961 2003 1096 2085 fecisset
1117 2010 1162 2078 ut,

136 2087 187 2164 18,
213 2089 231 2151 7
255 2088 555 2172 oppidodiffioultas,
581 2089 632 2165 16,
658 2091 697 2152 13
722 2090 1162 2171 barborosobtemperatusos,

137 2176 208 2250 142,
232 2177 272 2238 25
295 2177 612 2260 taeitomporcpotius,
648 2177 701 2250 41,
725 2175 767 2238 29
799 2196 872 2242 oum
898 2177 936 2241 iu
968 2174 1047 2259 (vid.
1070 2194 1164 2258 66616

135 2282 164 2325 6.
181 2263 234 2345 3),
264 2263 336 2339 107,
359 2264 402 2325 36
425 2264 602 2346 equitatum
623 2270 760 2326 tautum.

199 2349 272 2412 Sive
302 2350 443 2411 66611666
467 2350 532 2411 6166
554 2368 650 2431 parvo
672 2349 837 2412 intervallo
858 2348 937 2411 61166
961 2350 1068 2411 eadem
1091 2368 1162 2412 661·

133 2434 175 2497 ba
197 2435 518 2516 comprehensionesve
540 2437 699 2499 verborum
721 2434 911 2499 incommode
934 2435 1068 2516 repetita
1091 2445 1163 2500 6666

134 2521 212 2584 alias
240 2522 355 2602 6611666
382 2531 455 2584 6666
480 2522 630 2584 voeabula
651 2532 743 2603 atque
767 2522 1162 2587 666661616666116611616

133 2607 184 2670 661
216 2609 345 2689 speciem
377 2610 429 2672 vel
456 2609 615 2694 6661666111,
638 2608 795 2686 habentia,
824 2629 900 2692 6666
930 2609 1103 2690 glossarum
1131 2618 1164 2672 et

134 2695 349 2778 glossematum
371 2695 492 2758 nomine
513 2696 604 2779 vulgo
626 2697 773 2759 16166661.

200 2782 228 2845 1.
261 2782 322 2846 Ubi
348 2783 439 2864 plano
466 2784 572 2846 eadem
599 2784 696 2846 verba
723 2783 865 2847 continuo
893 2782 1006 2845 iterata
1026 2782 1160 2857 luerunt,

134 2870 238 2933 statim
265 2872 359 2933 161166
387 2884 538 2951 expuncta
564 2879 652 2945 6666;
681 2889 751 2933 raro
773 2877 960 2944 manserunt,
983 2867 1093 2943 6684,
1117 2869 1160 2933 23

133 2956 185 3020 tto
216 2957 283 3020 dies
309 2957 369 3021 hio
396 2959 476 3020 dies
503 2957 539 3020 P.
582 2957 744 3021 Disiunota
772 2976 845 3021 6616
868 2965 992 3018 exstant
1011 2954 1045 3017 in
1067 2954 1158 3019 PRA

135 3045 207 3122 111,
231 3043 251 3107 9
274 3051 456 3127 procerte
483 3065 548 3109 osse
568 3044 835 3128 proponendum,
870 3041 988 3118 112,1
1005 3043 1159 3124 prosim

128 3139 312 3215 permotus
334 3139 441 3196 castra
464 3177 495 3194 ..
517 3139 622 3195 mouet
648 3151 715 3212 per
742 3151 900 3195 acuet-uos
927 3149 1058 3205 666666,
1085 3130 1158 3207 143,

134 3218 176 3282 38
205 3219 310 3283 uestri
336 3227 376 3282 66
402 3218 623 3302 superioribus
644 3219 753 3282 diebus
779 3225 821 3282 ut
847 3217 960 3300 666666,
978 3222 1049 3279 erat
1070 3213 1160 3281 locas

133 3305 432 3380 6666666666,·16.Ρ
455 3307 508 3380 62,
531 3306 572 3368 25
600 3303 739 3368 bellandi
770 3324 814 3368 ex
841 3324 940 3368 causo
968 3322 1013 3366 66
1031 3303 1159 3385 666666

133 3394 277 3468 educunt,
300 3392 375 3455 inT
396 3391 524 3474 aliisque
547 3392 680 3456 eiusdem
702 3391 837 3455 familiae
860 3388 933 3467 166,
950 3386 991 3451 36
1012 3389 1050 3452 iu
1066 3410 1158 3454 ooa-

132 3486 271 3565 spectum
299 3479 491 3554 conueniat,
525 3478 579 3554 24,
602 3478 730 3541 28-33
754 3479 870 3542 castris
891 3498 930 3542 ee
951 3483 1107 3540 teucro.
1125 3520 1157 3542 ..

132 3567 294 3630 inarmis
317 3585 400 3639 sese
427 3574 574 3642 tenere,
598 3566 649 3639 31,
675 3565 711 3627 ll
737 3565 812 3628 leaeo
840 3582 984 3649 quoque
1012 3563 1101 3628 ratio
1124 3610 1156 3629 ..

133 3653 322 3717 diuitiuoum
337 3673 405 3735 quo
415 3673 494 3736 666,
519 3651 591 3730 168,
607 3652 627 3715 5
644 3649 868 3734 opulentiores,
890 3649 1053 3734 cupiditas
1067 3651 1159 3734 opud

133 3739 405 3820 opulentiores,
417 3738 497 3816 98,2
509 3741 612 3803 uita..
627 3739 730 3801 uita..
745 3756 913 3822 aouposso
930 3736 1046 3800 aliter
1062 3738 1155 3812 6166,

133 3824 185 3899 93,
209 3829 250 3889 25
274 3827 500 3910 exercitusque
512 3829 760 3909 fortunasque,
783 3825 836 3903 91,
849 3823 901 3898 26,
922 3822 967 3887 27
989 3831 1128 3889 611616.
1146 3868 1155 3884 .

124 3913 254 3994 foedere
276 3923 412 3976 sauent
433 3914 624 3996 adiuupuut,
653 3912 705 3986 66,
730 3914 781 3986 10,
806 3911 843 3973 ll
875 3917 1098 3994 querantur
1127 3916 1156 3974 et

134 4002 201 4065 616
214 3999 377 4067 cassem
397 4009 569 4082 ques-ant,
592 3997 847 4084 681οῙ661166
868 3997 1084 4101 6661116166
1096 4015 1153 4064 ao-
