2616 4492
1093 238 1166 310 'rx

141 407 188 476 qui
216 408 314 478 reliqui
343 408 424 461 huius
452 407 559 479 generis
582 413 659 469 sunt,
693 406 830 476 discrepat
852 384 1036 461 vehementer⁸
1048 411 1167 463 secunda

139 492 257 557 familia,
280 500 310 547 et
331 495 440 564 quidem
462 496 548 547 multo
570 494 658 564 magis
674 510 755 563 quam
770 491 876 544 tertiam
893 496 1000 547 omnino
1024 495 1069 556 iis,
1098 513 1165 564 quos

138 578 261 649 inspexi,
290 580 355 633 locis
385 581 585 633 dissentientem
613 580 711 633 inveni.
755 579 848 632 Nihilo
876 579 964 632 minus
987 581 1104 634 maxime
1127 582 1166 633 in·

75 729 78 735 ¹
108 679 111 683 ·
138 671 225 718 terest
245 669 380 720 secundae
403 684 511 738 quoque
533 666 625 720 classis
648 666 753 719 codices
775 664 885 734 penitus
907 683 1029 729 noscere,
1052 685 1111 719 cum
1136 673 1167 719 ut

138 752 167 804 in
194 752 237 805 his
264 753 341 806 libris
364 771 446 821 quam
468 753 586 821 suspecti
608 753 665 805 sint
685 754 768 822 plane
789 751 977 820 perspiciatur,
1000 759 1059 806 turn
1082 760 1112 805 ut
1134 753 1164 806 li-

139 838 203 890 bros
231 840 266 891 de
293 840 365 892 bello
389 839 460 892 civili
483 839 644 892 emendandi
667 839 736 892 ratio
759 837 857 890 certius
880 838 995 892 ineatur.
1039 844 1081 894 Ac
1103 857 1164 892 cum

138 923 294 996 philologos
323 926 568 994 praestantissimos
598 926 755 978 dubitantes
784 923 920 986 audirem,
954 941 989 978 an
1016 927 1164 979 Thuaneus

138 1011 226 1064 codex
256 1011 360 1080 primns
389 1012 508 1065 omnium
537 1013 678 1065 habendus
707 1014 791 1073 esset,
825 1011 897 1062 hunc
919 1016 1024 1080 quanta
1045 1012 1164 1065 maxima

137 1097 217 1165 potui
240 1097 385 1168 diligentia
406 1098 616 1152 examinandum
639 1097 760 1166 suscepi;
784 1113 839 1166 qua
860 1097 969 1164 quidem
993 1098 1019 1149 in
1041 1115 1071 1148 re
1092 1115 1164 1150 sum·

75 1205 77 1209 ·
138 1199 184 1236 ma
213 1184 304 1236 cautio
326 1189 387 1237 erat
407 1185 577 1246 adhibenda,
611 1201 674 1237 nam
702 1183 729 1235 in
757 1185 833 1236 nullo
856 1183 910 1234 alio
933 1184 1025 1236 codice
1047 1184 1162 1252 primam

139 1273 167 1321 et
195 1272 341 1323 secundam
369 1286 479 1324 manum
501 1275 558 1324 tam
580 1269 636 1322 vidi
658 1269 814 1323 coniunctas
836 1269 907 1321 inter
929 1287 988 1322 sese
1010 1275 1093 1338 atquc
1116 1271 1163 1322 im-

137 1354 261 1424 plicatas.
304 1357 511 1426 Peropportune
533 1355 618 1428 igitur
640 1356 739 1409 accidit
759 1357 832 1424 quod
854 1355 902 1408 illo
925 1356 993 1408 libro
1016 1356 1043 1407 in
1066 1358 1162 1419 aedes,

138 1456 206 1509 quas
228 1440 401 1505 habitabam,
424 1449 565 1512 asportare
587 1443 714 1511 domique
730 1442 937 1512 diligentissime
953 1448 1081 1494 excutere
1096 1442 1161 1495 mihi

137 1527 223 1580 licuit.
267 1528 441 1582 Ursinianum
464 1529 517 1582 iam
542 1534 606 1581 ante
628 1530 731 1582 Romae
752 1528 930 1598 perlegeram.
974 1528 1026 1589 Hi,
1049 1528 1095 1596 qui
1117 1546 1163 1580 re-

137 1619 241 1666 tustate
270 1615 366 1668 ceteris
388 1616 508 1668 eiusdem
531 1614 651 1667 familiae
672 1618 815 1683 praestant
837 1618 865 1664 et
886 1615 939 1666 iarn
962 1613 1027 1664 olim
1049 1613 1161 1666 maximi

135 1699 273 1753 aestimati
299 1701 424 1763 fuerunt,
457 1699 594 1754 verissime
622 1701 757 1753 secundae
785 1698 877 1751 classis
904 1698 1050 1768 imaginem
1072 1699 1161 1767 expri-

135 1801 210 1838 mere
242 1786 345 1855 optimo
378 1786 437 1838 iure
468 1791 608 1855 putentur,
642 1786 726 1856 idque
753 1785 819 1838 satis
846 1785 897 1836 soli
925 1784 1024 1854 quibus
1046 1784 1074 1835 iu
1096 1785 1162 1838 locis

135 1872 250 1924 eandem
271 1874 393 1942 produnt
414 1872 589 1941 scripturam,
611 1872 660 1924 ubi
683 1887 747 1923 vero
771 1872 841 1924 alter
863 1872 899 1923 ab
914 1871 1001 1923 altero
1017 1868 1161 1939 discrepat,

134 1957 296 2011 Leidensem
319 1957 441 2028 inprimis
463 1963 547 2027 atque
568 1958 753 2011 Hauniensem
776 1957 916 2009 consulere
933 1961 1058 2025 oportere
1073 1958 1159 2009 visum

134 2048 184 2095 est.
228 2043 336 2097 Tertiae
367 2045 484 2114 denique
514 2044 606 2097 classis
635 2045 710 2097 nullo
734 2043 761 2094 in
785 2043 876 2095 codice
899 2044 1001 2095 bellum
1025 2043 1160 2095 Gallicum

134 2133 224 2181 totum
245 2130 314 2200 legi,
336 2148 390 2184 non
413 2148 466 2200 quo
489 2131 517 2182 id
540 2129 638 2183 inutile
661 2129 768 2182 omnino
790 2129 848 2182 fore
862 2128 1008 2189 videretur,
1031 2131 1078 2181 sed
1095 2129 1161 2198 quia

133 2231 242 2283 semper
267 2216 386 2270 incertus
415 2233 504 2278 eram,
538 2216 650 2286 quinam
676 2215 824 2284 praecipue
844 2220 921 2267 tanto
945 2215 1038 2268 labore
1062 2215 1160 2285 diguus

133 2307 217 2353 esset:
252 2318 311 2354 sero
340 2301 521 2357 animadverti
549 2302 707 2372 eligendum
735 2301 818 2354 fuisse
845 2301 1014 2363 Iadrensem,
1049 2298 1094 2369 qui
1123 2304 1159 2354 ad

132 2385 336 2441 similitudinem
371 2389 495 2442 editionis
524 2388 653 2458 principis
676 2387 800 2457 proxime
822 2389 969 2440 accederet.
1014 2388 1102 2449 Quam
1125 2388 1160 2439 ob

132 2489 243 2548 causam
264 2475 336 2527 hanc
357 2476 471 2529 classem
492 2475 645 2527 accuratius
669 2473 820 2526 describere
842 2472 965 2543 nequivi;
989 2490 1048 2524 esse
1066 2477 1159 2526 antem

132 2559 364 2628 Gottorpieusem,
398 2562 444 2631 qui
472 2561 515 2626 (ut
542 2561 590 2614 alii
617 2559 752 2625 nonnulli)
782 2559 869 2611 solum
898 2560 1001 2611 bellum
1023 2558 1159 2612 Gallicum

131 2645 264 2707 continet,
298 2662 315 2699 a
348 2649 444 2701 ceteris
471 2647 669 2717 seiungendum
696 2646 763 2721 satis
786 2650 915 2714 apparet;
950 2644 992 2697 cui
1021 2644 1160 2698 simillima

132 2735 173 2783 est
207 2730 289 2784 editio
317 2731 413 2796 tertia,
447 2750 529 2803 quam
558 2749 643 2802 supra
672 2733 792 2784 incertae
819 2732 927 2784 nomine
950 2731 1119 2800 appellatam
1141 2747 1159 2784 a

130 2816 243 2884 reliquis
276 2817 391 2871 vetustis
423 2818 542 2872 maxime
575 2819 684 2872 differre
717 2818 803 2871 docui.
846 2819 878 2870 In
901 2816 1065 2870 editionibus
1087 2817 1159 2870 auti-

132 2900 267 2972 quissimis
291 2919 336 2954 eos
359 2903 529 2971 potissimum
551 2906 624 2957 locos
646 2903 786 2973 inquisivi,
810 2904 909 2973 quibus
931 2908 981 2956 aut
1002 2909 1159 2972 opportuna

131 2987 254 3041 subsidia
283 2990 467 3057 comparanda
489 3005 548 3040 esse
569 2982 726 3042 viderentur
747 2998 797 3043 aut
817 2989 935 3057 ipsarum
959 2989 1028 3042 ratio
1050 2989 1160 3042 facilius

130 3073 247 3143 perspici
270 3078 370 3144 posset.
414 3074 468 3127 Sed
491 3089 579 3141 neque
602 3091 692 3125 omnes
715 3075 780 3127 mihi
803 3075 883 3127 simul
907 3080 935 3127 et
956 3091 1061 3142 paucae
1084 3075 1158 3139 (edd.

133 3159 160 3212 2.
178 3157 225 3232 δὲ.
242 3160 269 3212 9.
289 3161 334 3212 11.
354 3157 412 3225 14.)
434 3159 462 3212 in
484 3159 611 3212 universa
633 3159 778 3211 collatione
801 3161 960 3213 adornanda
974 3164 1084 3228 praesto
1099 3159 1158 3211 fue·

130 3250 208 3298 runt:
230 3245 368 3315 plerisque
389 3245 499 3300 Parisiis
521 3260 586 3297 usus
609 3261 675 3296 sum.
709 3246 848 3298 Postremo
871 3247 906 3298 ob
929 3247 1038 3297 easdem
1061 3261 1160 3297 causas

131 3329 264 3407 Aimoini,
285 3333 447 3394 Flodoardi,
469 3330 583 3385 Victorii
606 3329 734 3383 lectiones
756 3329 891 3384 subiunxi.
925 3332 970 3383 Ad
993 3334 1079 3382 totam
1100 3346 1158 3382 rem

131 3419 347 3487 cognoscendam
369 3419 493 3471 omnibus
516 3415 679 3471 adiumentis
702 3434 771 3485 opus
793 3423 848 3478 est,
870 3418 904 3469 ad
927 3417 1012 3468 verba
1034 3416 1158 3469 Caesaris

131 3502 184 3557 rite
216 3506 382 3558 recensenda
413 3502 589 3574 paucissimis.
633 3504 750 3556 Tantum
779 3503 850 3555 enim
872 3501 992 3554 eminent
1013 3500 1055 3563 hi,
1090 3518 1160 3570 quos

131 3586 276 3658 usurpavi,
309 3590 415 3661 primae
442 3590 535 3645 classis
563 3589 682 3651 codices,
715 3594 747 3641 ut
774 3589 881 3660 reliqua
908 3587 1055 3640 multitudo
1078 3587 1159 3658 quasi

131 3675 228 3744 procul
248 3678 366 3729 recedat.
410 3678 513 3730 Verum
540 3681 631 3729 tamen
653 3675 680 3727 in
703 3675 735 3728 iis
758 3674 823 3743 ipsis
846 3680 888 3728 est
909 3673 1065 3727 adhibenda
1086 3675 1160 3728 ratio

132 3760 226 3813 critica
252 3778 301 3814 nec
330 3762 457 3832 quicquid
483 3763 617 3832 praebent
644 3761 725 3831 aequi
752 3762 871 3830 bonique
891 3761 1052 3814 iaciendum.
1096 3763 1159 3824 Qua

133 3848 168 3899 de
195 3862 278 3900 causa
304 3849 488 3921 φθορολογίαν
509 3850 646 3917 quandam
667 3847 776 3916 parari,
803 3865 885 3916 quarn
911 3846 1055 3900 voluminis
1083 3847 1159 3900 tertii

131 3936 239 4003 partem
272 3932 390 4001 priorem
423 3932 481 3986 feci.
524 3934 569 3987 Ex
601 3933 702 4002 apertis
736 3934 839 3988 mendis
868 3935 1010 3988 ostendere
1043 3938 1160 3987 conatus
