<?xml version="1.0" encoding="UTF-8"?>
<!DOCTYPE html PUBLIC "-//W3C//DTD XHTML 1.0 Transitional//EN"
    "http://www.w3.org/TR/xhtml1/DTD/xhtml1-transitional.dtd">
<html xmlns="http://www.w3.org/1999/xhtml" xml:lang="en" lang="en">
 <head>
  <title>
</title>
<meta http-equiv="Content-Type" content="text/html;charset=utf-8" />
  <meta name='ocr-system' content='tesseract 3.04.00' />
  <meta name='ocr-capabilities' content='ocr_page ocr_carea ocr_par ocr_line ocrx_word'/>
</head>
<body>
  <div class='ocr_page' id='page_1' title='image "./debellogallicol00friggoog_0108.png"; bbox 0 0 2616 4492; ppageno 0'>
   <div class='ocr_carea' id='block_1_1' title="bbox 397 292 1089 364">
    <p class='ocr_par' dir='ltr' id='par_1_1' title="bbox 397 292 1089 364">
     <span class='ocr_line' id='line_1_1' title="bbox 397 292 1089 364; baseline -0.012 0"><span class='ocrx_word' id='word_1_1' title='bbox 397 317 467 364; x_wconf 84' lang='lat' dir='ltr'>um.</span> <span class='ocrx_word' id='word_1_2' title='bbox 481 316 514 362; x_wconf 88' lang='lat' dir='ltr'>v.</span> <span class='ocrx_word' id='word_1_3' title='bbox 536 315 613 364; x_wconf 80' lang='lat' dir='ltr'>car.</span> <span class='ocrx_word' id='word_1_4' title='bbox 628 297 765 362; x_wconf 76' lang='grc'><strong>48-47,</strong></span> <span class='ocrx_word' id='word_1_5' title='bbox 1047 292 1089 356; x_wconf 74' lang='lat' dir='ltr'>ab</span> 
     </span>
    </p>
   </div>
   <div class='ocr_carea' id='block_1_2' title="bbox 12 451 1203 4062">
    <p class='ocr_par' dir='ltr' id='par_1_2' title="bbox 71 451 1089 776">
     <span class='ocr_line' id='line_1_2' title="bbox 71 451 1088 537; baseline -0.008 -19"><span class='ocrx_word' id='word_1_6' title='bbox 71 456 167 537; x_wconf 90' lang='lat' dir='ltr'>piunt.</span> <span class='ocrx_word' id='word_1_7' title='bbox 214 455 266 518; x_wconf 88' lang='lat' dir='ltr'>Sic</span> <span class='ocrx_word' id='word_1_8' title='bbox 286 454 437 517; x_wconf 88' lang='lat' dir='ltr'>lortuua</span> <span class='ocrx_word' id='word_1_9' title='bbox 428 474 460 515; x_wconf 89' lang='grc' dir='ltr'>ιιι</span> <span class='ocrx_word' id='word_1_10' title='bbox 481 455 672 517; x_wconf 79' lang='lat' dir='ltr'>contentione</span> <span class='ocrx_word' id='word_1_11' title='bbox 695 463 726 516; x_wconf 90' lang='lat' dir='ltr'>et</span> <span class='ocrx_word' id='word_1_12' title='bbox 747 451 909 514; x_wconf 75' lang='lat' dir='ltr'>certamine</span> <span class='ocrx_word' id='word_1_13' title='bbox 930 457 1088 530; x_wconf 87' lang='lat' dir='ltr'>utrumque</span> 
     </span>
     <span class='ocr_line' id='line_1_3' title="bbox 72 534 1089 617; baseline -0.009 -12"><span class='ocrx_word' id='word_1_14' title='bbox 72 541 223 616; x_wconf 86' lang='lat' dir='ltr'>versavit,</span> <span class='ocrx_word' id='word_1_15' title='bbox 258 550 293 602; x_wconf 89' lang='lat' dir='ltr'>ut</span> <span class='ocrx_word' id='word_1_16' title='bbox 319 541 396 603; x_wconf 88' lang='lat' dir='ltr'>alter</span> <span class='ocrx_word' id='word_1_17' title='bbox 422 540 545 603; x_wconf 88' lang='lat' dir='ltr'>alteri&#39;</span> <span class='ocrx_word' id='word_1_18' title='bbox 537 541 673 602; x_wconf 86' lang='lat' dir='ltr'>mimicus</span> <span class='ocrx_word' id='word_1_19' title='bbox 700 538 812 600; x_wconf 83' lang='lat' dir='ltr'>auxilio</span> <span class='ocrx_word' id='word_1_20' title='bbox 838 534 986 617; x_wconf 86' lang='lat' dir='ltr'>salutique</span> <span class='ocrx_word' id='word_1_21' title='bbox 1008 541 1089 597; x_wconf 86' lang='lat' dir='ltr'>esset</span> 
     </span>
     <span class='ocr_line' id='line_1_4' title="bbox 71 587 1087 708; baseline -0.008 -17"><span class='ocrx_word' id='word_1_22' title='bbox 71 647 168 708; x_wconf 89' lang='lat' dir='ltr'>neque</span> <span class='ocrx_word' id='word_1_23' title='bbox 202 587 358 690; x_wconf 77' lang='lat' dir='ltr'>diiudicari</span> <span class='ocrx_word' id='word_1_24' title='bbox 388 635 507 707; x_wconf 91' lang='lat' dir='ltr'>posset,</span> <span class='ocrx_word' id='word_1_25' title='bbox 541 635 607 689; x_wconf 90' lang='lat' dir='ltr'>uter</span> <span class='ocrx_word' id='word_1_26' title='bbox 639 626 699 688; x_wconf 90' lang='lat' dir='ltr'>utri</span> <span class='ocrx_word' id='word_1_27' title='bbox 732 624 844 686; x_wconf 85' lang='lat' dir='ltr'>virtute</span> <span class='ocrx_word' id='word_1_28' title='bbox 877 623 1087 684; x_wconf 73' lang='lat' dir='ltr'>anteferendus</span> 
     </span>
     <span class='ocr_line' id='line_1_5' title="bbox 71 715 232 776; baseline -0.019 0"><span class='ocrx_word' id='word_1_29' title='bbox 71 715 232 776; x_wconf 84' lang='lat' dir='ltr'>videretur.</span> 
     </span>
    </p>

    <p class='ocr_par' dir='ltr' id='par_1_3' title="bbox 72 793 1203 1914">
     <span class='ocr_line' id='line_1_6' title="bbox 139 793 1136 878; baseline -0.01 -17"><span class='ocrx_word' id='word_1_30' title='bbox 139 797 262 870; x_wconf 81' lang='lat' dir='ltr'>Quanto</span> <span class='ocrx_word' id='word_1_31' title='bbox 292 807 359 860; x_wconf 89' lang='lat' dir='ltr'>erat</span> <span class='ocrx_word' id='word_1_32' title='bbox 383 798 414 860; x_wconf 94' lang='lat' dir='ltr'>in</span> <span class='ocrx_word' id='word_1_33' title='bbox 436 800 499 861; x_wconf 89' lang='lat' dir='ltr'>dies</span> <span class='ocrx_word' id='word_1_34' title='bbox 522 798 642 878; x_wconf 89' lang='lat' dir='ltr'>gravior</span> <span class='ocrx_word' id='word_1_35' title='bbox 663 806 754 878; x_wconf 91' lang='lat' dir='ltr'>atque</span> <span class='ocrx_word' id='word_1_36' title='bbox 776 793 911 873; x_wconf 79' lang='lat' dir='ltr'><strong>asperior</strong></span> <span class='ocrx_word' id='word_1_37' title='bbox 932 797 1136 875; x_wconf 66' lang='lat' dir='ltr'>oppugna-&#39;5</span> 
     </span>
     <span class='ocr_line' id='line_1_7' title="bbox 72 879 1117 965; baseline -0.004 -18"><span class='ocrx_word' id='word_1_38' title='bbox 72 886 131 961; x_wconf 91' lang='lat' dir='ltr'>tio,</span> <span class='ocrx_word' id='word_1_39' title='bbox 162 894 194 947; x_wconf 89' lang='lat' dir='ltr'>et</span> <span class='ocrx_word' id='word_1_40' title='bbox 219 884 348 946; x_wconf 86' lang='lat' dir='ltr'>maxime</span> <span class='ocrx_word' id='word_1_41' title='bbox 376 886 454 965; x_wconf 91' lang='lat' dir='ltr'>quod</span> <span class='ocrx_word' id='word_1_42' title='bbox 477 904 587 965; x_wconf 89' lang='lat' dir='ltr'>magna</span> <span class='ocrx_word' id='word_1_43' title='bbox 608 893 695 963; x_wconf 90' lang='lat' dir='ltr'>parte</span> <span class='ocrx_word' id='word_1_44' title='bbox 715 882 843 944; x_wconf 88' lang='lat' dir='ltr'>militum</span> <span class='ocrx_word' id='word_1_45' title='bbox 866 881 1000 941; x_wconf 85' lang='lat' dir='ltr'>conlecta</span> <span class='ocrx_word' id='word_1_46' title='bbox 1019 879 1117 943; x_wconf 82' lang='lat' dir='ltr'>vul-e</span> 
     </span>
     <span class='ocr_line' id='line_1_8' title="bbox 74 971 1089 1050; baseline -0.007 -17"><span class='ocrx_word' id='word_1_47' title='bbox 74 973 197 1033; x_wconf 88' lang='lat' dir='ltr'>neribus</span> <span class='ocrx_word' id='word_1_48' title='bbox 224 990 272 1032; x_wconf 88' lang='lat' dir='ltr'>res</span> <span class='ocrx_word' id='word_1_49' title='bbox 301 971 340 1031; x_wconf 93' lang='lat' dir='ltr'>ad</span> <span class='ocrx_word' id='word_1_50' title='bbox 361 971 544 1050; x_wconf 78' lang='lat' dir='ltr'>paucitatem</span> <span class='ocrx_word' id='word_1_51' title='bbox 566 971 753 1032; x_wconf 83' lang='lat' dir='ltr'>defensorum</span> <span class='ocrx_word' id='word_1_52' title='bbox 775 975 969 1048; x_wconf 88' lang='lat' dir='ltr'>pervenerat,</span> <span class='ocrx_word' id='word_1_53' title='bbox 1003 974 1089 1027; x_wconf 89' lang='lat' dir='ltr'>tauto</span> 
     </span>
     <span class='ocr_line' id='line_1_9' title="bbox 72 1053 1090 1137; baseline -0.007 -18"><span class='ocrx_word' id='word_1_54' title='bbox 72 1057 237 1119; x_wconf 86' lang='lat' dir='ltr'>crebriores</span> <span class='ocrx_word' id='word_1_55' title='bbox 275 1056 395 1118; x_wconf 88' lang='lat' dir='ltr'>litterae</span> <span class='ocrx_word' id='word_1_56' title='bbox 426 1057 580 1137; x_wconf 86' lang='lat' dir='ltr'>nuntiique</span> <span class='ocrx_word' id='word_1_57' title='bbox 612 1057 652 1117; x_wconf 93' lang='lat' dir='ltr'>ad</span> <span class='ocrx_word' id='word_1_58' title='bbox 684 1055 846 1117; x_wconf 87' lang='lat' dir='ltr'>Caesarem</span> <span class='ocrx_word' id='word_1_59' title='bbox 878 1053 1090 1125; x_wconf 87' lang='lat' dir='ltr'>mittebantur;</span> 
     </span>
     <span class='ocr_line' id='line_1_10' title="bbox 73 1138 1090 1224; baseline -0.007 -19"><span class='ocrx_word' id='word_1_60' title='bbox 73 1163 200 1224; x_wconf 90' lang='lat' dir='ltr'>quorum</span> <span class='ocrx_word' id='word_1_61' title='bbox 227 1162 299 1223; x_wconf 91' lang='lat' dir='ltr'>pars</span> <span class='ocrx_word' id='word_1_62' title='bbox 328 1143 513 1222; x_wconf 89' lang='lat' dir='ltr'>deprehensa</span> <span class='ocrx_word' id='word_1_63' title='bbox 539 1143 571 1203; x_wconf 92' lang='lat' dir='ltr'>iu</span> <span class='ocrx_word' id='word_1_64' title='bbox 592 1150 750 1221; x_wconf 88' lang='lat' dir='ltr'>conspectu</span> <span class='ocrx_word' id='word_1_65' title='bbox 772 1150 941 1202; x_wconf 87' lang='lat' dir='ltr'>nostrorum</span> <span class='ocrx_word' id='word_1_66' title='bbox 963 1138 1090 1200; x_wconf 89' lang='lat' dir='ltr'>militum</span> 
     </span>
     <span class='ocr_line' id='line_1_11' title="bbox 73 1225 1134 1292; baseline -0.008 0"><span class='ocrx_word' id='word_1_67' title='bbox 73 1249 140 1292; x_wconf 91' lang='lat' dir='ltr'>cum</span> <span class='ocrx_word' id='word_1_68' title='bbox 173 1229 304 1291; x_wconf 87' lang='lat' dir='ltr'>cruciatu</span> <span class='ocrx_word' id='word_1_69' title='bbox 337 1230 507 1291; x_wconf 81' lang='lat' dir='ltr'>necabatur.</span> <span class='ocrx_word' id='word_1_70' title='bbox 562 1229 640 1289; x_wconf 86' lang='lat' dir='ltr'>Erat</span> <span class='ocrx_word' id='word_1_71' title='bbox 665 1247 742 1288; x_wconf 92' lang='lat' dir='ltr'>unus</span> <span class='ocrx_word' id='word_1_72' title='bbox 769 1228 852 1288; x_wconf 88' lang='lat' dir='ltr'>intus</span> <span class='ocrx_word' id='word_1_73' title='bbox 880 1225 1012 1287; x_wconf 85' lang='lat' dir='ltr'>Nervius</span> <span class='ocrx_word' id='word_1_74' title='bbox 1034 1243 1090 1285; x_wconf 92' lang='lat' dir='ltr'>no-</span> <span class='ocrx_word' id='word_1_75' title='bbox 1110 1245 1134 1283; x_wconf 97' lang='grc' dir='ltr'>ιο</span> 
     </span>
     <span class='ocr_line' id='line_1_12' title="bbox 73 1310 1203 1394; baseline -0.006 -17"><span class='ocrx_word' id='word_1_76' title='bbox 73 1317 155 1378; x_wconf 91' lang='lat' dir='ltr'>mine</span> <span class='ocrx_word' id='word_1_77' title='bbox 175 1315 317 1389; x_wconf 87' lang='lat' dir='ltr'>Vertico,</span> <span class='ocrx_word' id='word_1_78' title='bbox 340 1315 405 1376; x_wconf 93' lang='lat' dir='ltr'>loco</span> <span class='ocrx_word' id='word_1_79' title='bbox 428 1323 517 1375; x_wconf 89' lang='lat' dir='ltr'>natus</span> <span class='ocrx_word' id='word_1_80' title='bbox 538 1315 680 1387; x_wconf 88' lang='lat' dir='ltr'>honesto,</span> <span class='ocrx_word' id='word_1_81' title='bbox 704 1313 754 1394; x_wconf 95' lang='lat' dir='ltr'>qui</span> <span class='ocrx_word' id='word_1_82' title='bbox 777 1312 915 1392; x_wconf 89' lang='lat' dir='ltr'>aprima</span> <span class='ocrx_word' id='word_1_83' title='bbox 937 1310 1091 1372; x_wconf 87' lang='lat' dir='ltr'>obsidione</span> <span class='ocrx_word' id='word_1_84' title='bbox 1200 1318 1203 1325; x_wconf 79' lang='grc'>’</span> 
     </span>
     <span class='ocr_line' id='line_1_13' title="bbox 76 1396 1091 1481; baseline -0.005 -18"><span class='ocrx_word' id='word_1_85' title='bbox 76 1404 116 1463; x_wconf 92' lang='lat' dir='ltr'>ad</span> <span class='ocrx_word' id='word_1_86' title='bbox 149 1400 322 1463; x_wconf 86' lang='lat' dir='ltr'>Ciceronem</span> <span class='ocrx_word' id='word_1_87' title='bbox 349 1403 521 1480; x_wconf 84' lang='lat' dir='ltr'>perfugerat</span> <span class='ocrx_word' id='word_1_88' title='bbox 548 1419 692 1481; x_wconf 90' lang='lat' dir='ltr'>suamque</span> <span class='ocrx_word' id='word_1_89' title='bbox 720 1399 748 1460; x_wconf 91' lang='lat' dir='ltr'>ei</span> <span class='ocrx_word' id='word_1_90' title='bbox 774 1401 862 1460; x_wconf 88' lang='lat' dir='ltr'>fidem</span> <span class='ocrx_word' id='word_1_91' title='bbox 889 1396 1091 1478; x_wconf 90' lang='lat' dir='ltr'>praestiterat.</span> 
     </span>
     <span class='ocr_line' id='line_1_14' title="bbox 74 1482 1092 1567; baseline -0.008 -17"><span class='ocrx_word' id='word_1_92' title='bbox 74 1489 133 1550; x_wconf 91' lang='lat' dir='ltr'>Hic</span> <span class='ocrx_word' id='word_1_93' title='bbox 155 1506 243 1549; x_wconf 85' lang='lat' dir='ltr'>servo</span> <span class='ocrx_word' id='word_1_94' title='bbox 267 1506 321 1566; x_wconf 87' lang='lat' dir='ltr'>spe</span> <span class='ocrx_word' id='word_1_95' title='bbox 342 1486 491 1548; x_wconf 83' lang='lat' dir='ltr'>libertatis</span> <span class='ocrx_word' id='word_1_96' title='bbox 513 1487 688 1567; x_wconf 86' lang='lat' dir='ltr'>magnisque</span> <span class='ocrx_word' id='word_1_97' title='bbox 710 1487 871 1565; x_wconf 86' lang='lat' dir='ltr'>persuadet</span> <span class='ocrx_word' id='word_1_98' title='bbox 884 1482 1034 1564; x_wconf 89' lang='lat' dir='ltr'>praemiis,</span> <span class='ocrx_word' id='word_1_99' title='bbox 1057 1490 1092 1543; x_wconf 94' lang='lat' dir='ltr'>ut</span> 
     </span>
     <span class='ocr_line' id='line_1_15' title="bbox 75 1567 1092 1648; baseline -0.007 -12"><span class='ocrx_word' id='word_1_100' title='bbox 75 1575 197 1636; x_wconf 90' lang='lat' dir='ltr'>litteras</span> <span class='ocrx_word' id='word_1_101' title='bbox 219 1574 259 1634; x_wconf 92' lang='lat' dir='ltr'>ad</span> <span class='ocrx_word' id='word_1_102' title='bbox 281 1572 441 1634; x_wconf 87' lang='lat' dir='ltr'>Caesarem</span> <span class='ocrx_word' id='word_1_103' title='bbox 465 1574 589 1634; x_wconf 86' lang='lat' dir='ltr'>deierat.</span> <span class='ocrx_word' id='word_1_104' title='bbox 632 1573 697 1633; x_wconf 88' lang='lat' dir='ltr'>Has</span> <span class='ocrx_word' id='word_1_105' title='bbox 720 1570 770 1633; x_wconf 91' lang='lat' dir='ltr'>ille</span> <span class='ocrx_word' id='word_1_106' title='bbox 792 1571 823 1632; x_wconf 92' lang='lat' dir='ltr'>iu</span> <span class='ocrx_word' id='word_1_107' title='bbox 837 1569 934 1633; x_wconf 87' lang='lat' dir='ltr'>iaculo</span> <span class='ocrx_word' id='word_1_108' title='bbox 949 1567 1092 1648; x_wconf 78' lang='lat' dir='ltr'>inligatas</span> 
     </span>
     <span class='ocr_line' id='line_1_16' title="bbox 73 1657 1136 1736; baseline -0.01 -14"><span class='ocrx_word' id='word_1_109' title='bbox 73 1661 160 1722; x_wconf 85' lang='lat' dir='ltr'>effert</span> <span class='ocrx_word' id='word_1_110' title='bbox 182 1668 212 1721; x_wconf 91' lang='lat' dir='ltr'>et</span> <span class='ocrx_word' id='word_1_111' title='bbox 234 1657 342 1720; x_wconf 84' lang='lat' dir='ltr'>Gallus</span> <span class='ocrx_word' id='word_1_112' title='bbox 363 1658 441 1719; x_wconf 86' lang='lat' dir='ltr'>inter</span> <span class='ocrx_word' id='word_1_113' title='bbox 463 1657 569 1720; x_wconf 88' lang='lat' dir='ltr'>Gallos</span> <span class='ocrx_word' id='word_1_114' title='bbox 592 1658 655 1720; x_wconf 89' lang='lat' dir='ltr'>sine</span> <span class='ocrx_word' id='word_1_115' title='bbox 677 1657 739 1719; x_wconf 90' lang='lat' dir='ltr'>ulla</span> <span class='ocrx_word' id='word_1_116' title='bbox 761 1657 928 1736; x_wconf 87' lang='lat' dir='ltr'>suspicione</span> <span class='ocrx_word' id='word_1_117' title='bbox 949 1662 1092 1716; x_wconf 82' lang='lat' dir='ltr'>versatus</span> <span class='ocrx_word' id='word_1_118' title='bbox 1111 1670 1136 1710; x_wconf 86' lang='grc' dir='ltr'>ιο</span> 
     </span>
     <span class='ocr_line' id='line_1_17' title="bbox 76 1736 1091 1823; baseline -0.005 -16"><span class='ocrx_word' id='word_1_119' title='bbox 76 1747 117 1808; x_wconf 90' lang='lat' dir='ltr'>ad</span> <span class='ocrx_word' id='word_1_120' title='bbox 145 1745 305 1806; x_wconf 88' lang='lat' dir='ltr'>Caesarem</span> <span class='ocrx_word' id='word_1_121' title='bbox 327 1744 472 1822; x_wconf 85' lang='lat' dir='ltr'>pervenit.</span> <span class='ocrx_word' id='word_1_122' title='bbox 521 1743 630 1806; x_wconf 89' lang='lat' dir='ltr'>Abeo</span> <span class='ocrx_word' id='word_1_123' title='bbox 653 1745 689 1805; x_wconf 89' lang='lat' dir='ltr'>de</span> <span class='ocrx_word' id='word_1_124' title='bbox 710 1743 849 1823; x_wconf 90' lang='lat' dir='ltr'>periculis</span> <span class='ocrx_word' id='word_1_125' title='bbox 872 1736 1022 1803; x_wconf 82' lang='lat' dir='ltr'>Ciceronis</span> <span class='ocrx_word' id='word_1_126' title='bbox 1045 1740 1091 1802; x_wconf 87' lang='lat' dir='ltr'>le-</span> 
     </span>
     <span class='ocr_line' id='line_1_18' title="bbox 72 1829 445 1914; baseline -0.005 -21"><span class='ocrx_word' id='word_1_127' title='bbox 72 1831 228 1914; x_wconf 89' lang='lat' dir='ltr'>gionisque</span> <span class='ocrx_word' id='word_1_128' title='bbox 250 1829 445 1908; x_wconf 87' lang='lat' dir='ltr'>cognoscitur</span> 
     </span>
    </p>

    <p class='ocr_par' dir='ltr' id='par_1_4' title="bbox 72 1913 1137 2858">
     <span class='ocr_line' id='line_1_19' title="bbox 140 1913 1134 2015; baseline -0.002 -37"><span class='ocrx_word' id='word_1_129' title='bbox 140 1917 257 1978; x_wconf 87' lang='lat' dir='ltr'>Caesar</span> <span class='ocrx_word' id='word_1_130' title='bbox 289 1915 419 2015; x_wconf 86' lang='lat' dir='ltr'>acceptis</span> <span class='ocrx_word' id='word_1_131' title='bbox 452 1915 563 1978; x_wconf 87' lang='lat' dir='ltr'>litteris</span> <span class='ocrx_word' id='word_1_132' title='bbox 595 1914 671 1975; x_wconf 90' lang='lat' dir='ltr'>hora</span> <span class='ocrx_word' id='word_1_133' title='bbox 703 1915 821 1977; x_wconf 88' lang='lat' dir='ltr'>circiter</span> <span class='ocrx_word' id='word_1_134' title='bbox 851 1913 1007 1976; x_wconf 87' lang='lat' dir='ltr'>undecima</span> <span class='ocrx_word' id='word_1_135' title='bbox 1033 1913 1134 1976; x_wconf 86' lang='lat' dir='ltr'>diei46</span> 
     </span>
     <span class='ocr_line' id='line_1_20' title="bbox 72 2001 1092 2080; baseline -0.006 -14"><span class='ocrx_word' id='word_1_136' title='bbox 72 2003 178 2067; x_wconf 88' lang='lat' dir='ltr'>statim</span> <span class='ocrx_word' id='word_1_137' title='bbox 200 2001 337 2064; x_wconf 89' lang='lat' dir='ltr'>nuntium</span> <span class='ocrx_word' id='word_1_138' title='bbox 358 2001 391 2063; x_wconf 95' lang='lat' dir='ltr'>in</span> <span class='ocrx_word' id='word_1_139' title='bbox 412 2001 589 2064; x_wconf 89' lang='lat' dir='ltr'>Bellovacos</span> <span class='ocrx_word' id='word_1_140' title='bbox 612 2003 651 2063; x_wconf 88' lang='lat' dir='ltr'>ad</span> <span class='ocrx_word' id='word_1_141' title='bbox 676 2001 719 2064; x_wconf 92' lang='grc' dir='ltr'>Μ.</span> <span class='ocrx_word' id='word_1_142' title='bbox 735 2001 879 2063; x_wconf 82' lang='lat' dir='ltr'>Crassum</span> <span class='ocrx_word' id='word_1_143' title='bbox 901 2007 1092 2080; x_wconf 88' lang='lat' dir='ltr'>quaestorem</span> 
     </span>
     <span class='ocr_line' id='line_1_21' title="bbox 72 2076 1135 2167; baseline -0.007 -14"><span class='ocrx_word' id='word_1_144' title='bbox 72 2090 181 2164; x_wconf 90' lang='lat' dir='ltr'>mittit,</span> <span class='ocrx_word' id='word_1_145' title='bbox 205 2089 288 2151; x_wconf 88' lang='lat' dir='ltr'>cuius</span> <span class='ocrx_word' id='word_1_146' title='bbox 309 2076 438 2149; x_wconf 88' lang='lat' dir='ltr'>hiberna</span> <span class='ocrx_word' id='word_1_147' title='bbox 457 2090 586 2151; x_wconf 89' lang='lat' dir='ltr'>aberant</span> <span class='ocrx_word' id='word_1_148' title='bbox 610 2089 648 2150; x_wconf 88' lang='lat' dir='ltr'>ab</span> <span class='ocrx_word' id='word_1_149' title='bbox 672 2106 707 2150; x_wconf 91' lang='lat' dir='ltr'>eo</span> <span class='ocrx_word' id='word_1_150' title='bbox 730 2087 814 2149; x_wconf 89' lang='lat' dir='ltr'>milia</span> <span class='ocrx_word' id='word_1_151' title='bbox 833 2106 979 2167; x_wconf 89' lang='lat' dir='ltr'>passuum</span> <span class='ocrx_word' id='word_1_152' title='bbox 1000 2100 1135 2158; x_wconf 55' lang='grc' dir='ltr'>ωηο</span> 
     </span>
     <span class='ocr_line' id='line_1_22' title="bbox 73 2172 1093 2255; baseline -0.005 -17"><span class='ocrx_word' id='word_1_153' title='bbox 73 2177 158 2239; x_wconf 89' lang='lat' dir='ltr'>iubet</span> <span class='ocrx_word' id='word_1_154' title='bbox 186 2175 288 2237; x_wconf 89' lang='lat' dir='ltr'>media</span> <span class='ocrx_word' id='word_1_155' title='bbox 314 2184 401 2236; x_wconf 90' lang='lat' dir='ltr'>nocte</span> <span class='ocrx_word' id='word_1_156' title='bbox 429 2174 576 2255; x_wconf 86' lang='lat' dir='ltr'>legionem</span> <span class='ocrx_word' id='word_1_157' title='bbox 602 2173 750 2252; x_wconf 86' lang='lat' dir='ltr'>proficisci</span> <span class='ocrx_word' id='word_1_158' title='bbox 777 2173 970 2253; x_wconf 86' lang='lat' dir='ltr'>celeriterque</span> <span class='ocrx_word' id='word_1_159' title='bbox 997 2172 1093 2233; x_wconf 89' lang='lat' dir='ltr'>adse</span> 
     </span>
     <span class='ocr_line' id='line_1_23' title="bbox 73 2257 1093 2344; baseline -0.005 -21"><span class='ocrx_word' id='word_1_160' title='bbox 73 2264 187 2344; x_wconf 85' lang='lat' dir='ltr'>venire.</span> <span class='ocrx_word' id='word_1_161' title='bbox 231 2261 316 2322; x_wconf 82' lang='lat' dir='ltr'>Exiit</span> <span class='ocrx_word' id='word_1_162' title='bbox 343 2280 409 2323; x_wconf 91' lang='lat' dir='ltr'>cum</span> <span class='ocrx_word' id='word_1_163' title='bbox 436 2261 541 2322; x_wconf 90' lang='lat' dir='ltr'>nuntio</span> <span class='ocrx_word' id='word_1_164' title='bbox 568 2260 706 2322; x_wconf 89' lang='lat' dir='ltr'>Crassus.</span> <span class='ocrx_word' id='word_1_165' title='bbox 750 2259 892 2321; x_wconf 90' lang='lat' dir='ltr'>Alterum</span> <span class='ocrx_word' id='word_1_166' title='bbox 919 2260 959 2320; x_wconf 92' lang='lat' dir='ltr'>ad</span> <span class='ocrx_word' id='word_1_167' title='bbox 981 2257 1093 2319; x_wconf 85' lang='lat' dir='ltr'>Gaium</span> 
     </span>
     <span class='ocr_line' id='line_1_24' title="bbox 73 2344 1092 2428; baseline -0.007 -17"><span class='ocrx_word' id='word_1_168' title='bbox 73 2349 201 2411; x_wconf 88' lang='lat' dir='ltr'>Fabium</span> <span class='ocrx_word' id='word_1_169' title='bbox 228 2348 360 2428; x_wconf 89' lang='lat' dir='ltr'>legatum</span> <span class='ocrx_word' id='word_1_170' title='bbox 389 2347 497 2420; x_wconf 90' lang='lat' dir='ltr'>mittit,</span> <span class='ocrx_word' id='word_1_171' title='bbox 531 2356 567 2408; x_wconf 93' lang='lat' dir='ltr'>ut</span> <span class='ocrx_word' id='word_1_172' title='bbox 592 2346 624 2406; x_wconf 88' lang='lat' dir='ltr'>in</span> <span class='ocrx_word' id='word_1_173' title='bbox 646 2346 827 2408; x_wconf 88' lang='lat' dir='ltr'>Atrebatum</span> <span class='ocrx_word' id='word_1_174' title='bbox 850 2346 924 2407; x_wconf 87' lang='lat' dir='ltr'>fines</span> <span class='ocrx_word' id='word_1_175' title='bbox 946 2344 1092 2424; x_wconf 82' lang='lat' dir='ltr'>legionem</span> 
     </span>
     <span class='ocr_line' id='line_1_25' title="bbox 74 2429 1093 2514; baseline -0.006 -17"><span class='ocrx_word' id='word_1_176' title='bbox 74 2437 219 2509; x_wconf 89' lang='lat' dir='ltr'>adducat,</span> <span class='ocrx_word' id='word_1_177' title='bbox 244 2434 383 2514; x_wconf 82' lang='lat' dir='ltr'>quesibi</span> <span class='ocrx_word' id='word_1_178' title='bbox 406 2433 523 2496; x_wconf 84' lang='lat' dir='ltr'>sititor</span> <span class='ocrx_word' id='word_1_179' title='bbox 546 2433 723 2496; x_wconf 86' lang='lat' dir='ltr'>iaciendum.</span> <span class='ocrx_word' id='word_1_180' title='bbox 762 2431 873 2494; x_wconf 88' lang='lat' dir='ltr'>Scribit</span> <span class='ocrx_word' id='word_1_181' title='bbox 892 2431 1042 2505; x_wconf 89' lang='lat' dir='ltr'>Labieno,</span> <span class='ocrx_word' id='word_1_182' title='bbox 1067 2429 1093 2491; x_wconf 85' lang='lat' dir='ltr'>si</span> 
     </span>
     <span class='ocr_line' id='line_1_26' title="bbox 74 2517 1137 2600; baseline -0.003 -17"><span class='ocrx_word' id='word_1_183' title='bbox 74 2521 253 2600; x_wconf 90' lang='lat' dir='ltr'>reipublicae</span> <span class='ocrx_word' id='word_1_184' title='bbox 279 2521 434 2581; x_wconf 90' lang='lat' dir='ltr'>commodo</span> <span class='ocrx_word' id='word_1_185' title='bbox 461 2521 560 2582; x_wconf 91' lang='lat' dir='ltr'>iacere</span> <span class='ocrx_word' id='word_1_186' title='bbox 582 2520 693 2599; x_wconf 88' lang='lat' dir='ltr'>possit,</span> <span class='ocrx_word' id='word_1_187' title='bbox 728 2537 794 2580; x_wconf 91' lang='lat' dir='ltr'>cum</span> <span class='ocrx_word' id='word_1_188' title='bbox 821 2517 936 2598; x_wconf 90' lang='lat' dir='ltr'>legione</span> <span class='ocrx_word' id='word_1_189' title='bbox 958 2517 997 2577; x_wconf 87' lang='lat' dir='ltr'>ad</span> <span class='ocrx_word' id='word_1_190' title='bbox 1018 2517 1093 2578; x_wconf 87' lang='lat' dir='ltr'>fines</span> <span class='ocrx_word' id='word_1_191' title='bbox 1108 2540 1137 2580; x_wconf 85' lang='grc' dir='ltr'>ιι</span> 
     </span>
     <span class='ocr_line' id='line_1_27' title="bbox 75 2601 1092 2686; baseline -0.004 -18"><span class='ocrx_word' id='word_1_192' title='bbox 75 2607 255 2670; x_wconf 88' lang='lat' dir='ltr'>Nerviorum</span> <span class='ocrx_word' id='word_1_193' title='bbox 271 2606 383 2667; x_wconf 86' lang='lat' dir='ltr'>veniat.</span> <span class='ocrx_word' id='word_1_194' title='bbox 410 2605 569 2686; x_wconf 87' lang='lat' dir='ltr'>Reliquam</span> <span class='ocrx_word' id='word_1_195' title='bbox 584 2614 702 2685; x_wconf 88' lang='lat' dir='ltr'>partem</span> <span class='ocrx_word' id='word_1_196' title='bbox 720 2604 883 2677; x_wconf 85' lang='lat' dir='ltr'>exercitus,</span> <span class='ocrx_word' id='word_1_197' title='bbox 907 2601 1092 2683; x_wconf 88' lang='lat' dir='ltr'>quodpaulo</span> 
     </span>
     <span class='ocr_line' id='line_1_28' title="bbox 75 2689 1093 2771; baseline -0.004 -17"><span class='ocrx_word' id='word_1_198' title='bbox 75 2691 338 2771; x_wconf 89' lang='lat' dir='ltr'>aberatlongius,</span> <span class='ocrx_word' id='word_1_199' title='bbox 366 2691 426 2752; x_wconf 82' lang='lat' dir='ltr'>bon</span> <span class='ocrx_word' id='word_1_200' title='bbox 448 2700 536 2770; x_wconf 90' lang='lat' dir='ltr'>putat</span> <span class='ocrx_word' id='word_1_201' title='bbox 557 2693 806 2771; x_wconf 64' lang='lat' dir='ltr'>exspectandam</span> <span class='ocrx_word' id='word_1_202' title='bbox 841 2691 956 2770; x_wconf 84' lang='lat' dir='ltr'>equites</span> <span class='ocrx_word' id='word_1_203' title='bbox 979 2689 1093 2751; x_wconf 87' lang='lat' dir='ltr'>circiter</span> 
     </span>
     <span class='ocr_line' id='line_1_29' title="bbox 75 2776 827 2858; baseline -0.003 -19"><span class='ocrx_word' id='word_1_204' title='bbox 75 2778 308 2858; x_wconf 87' lang='lat' dir='ltr'>quadringentos</span> <span class='ocrx_word' id='word_1_205' title='bbox 331 2795 369 2836; x_wconf 88' lang='lat' dir='ltr'>ex</span> <span class='ocrx_word' id='word_1_206' title='bbox 389 2777 531 2855; x_wconf 84' lang='lat' dir='ltr'>proximis</span> <span class='ocrx_word' id='word_1_207' title='bbox 553 2777 684 2838; x_wconf 90' lang='lat' dir='ltr'>hibernis</span> <span class='ocrx_word' id='word_1_208' title='bbox 708 2776 827 2856; x_wconf 91' lang='lat' dir='ltr'>colligit.</span> 
     </span>
    </p>

    <p class='ocr_par' dir='ltr' id='par_1_5' title="bbox 12 2861 1139 4062">
     <span class='ocr_line' id='line_1_30' title="bbox 141 2861 1136 2924; baseline -0.004 0"><span class='ocrx_word' id='word_1_209' title='bbox 141 2863 228 2924; x_wconf 88' lang='lat' dir='ltr'>Hora</span> <span class='ocrx_word' id='word_1_210' title='bbox 255 2861 371 2923; x_wconf 89' lang='lat' dir='ltr'>circiter</span> <span class='ocrx_word' id='word_1_211' title='bbox 397 2861 488 2923; x_wconf 89' lang='lat' dir='ltr'>tertia</span> <span class='ocrx_word' id='word_1_212' title='bbox 514 2864 554 2923; x_wconf 92' lang='lat' dir='ltr'>ab</span> <span class='ocrx_word' id='word_1_213' title='bbox 582 2863 822 2924; x_wconf 85' lang='lat' dir='ltr'>antecursoribus</span> <span class='ocrx_word' id='word_1_214' title='bbox 851 2861 888 2921; x_wconf 90' lang='lat' dir='ltr'>de</span> <span class='ocrx_word' id='word_1_215' title='bbox 911 2861 1020 2922; x_wconf 87' lang='lat' dir='ltr'>Crassi·</span> <span class='ocrx_word' id='word_1_216' title='bbox 1035 2862 1092 2922; x_wconf 90' lang='lat' dir='ltr'>ad·</span> <span class='ocrx_word' id='word_1_217' title='bbox 1101 2868 1136 2920; x_wconf 87' lang='grc'>47</span> 
     </span>
     <span class='ocr_line' id='line_1_31' title="bbox 76 2947 1137 3028; baseline 0.001 -21"><span class='ocrx_word' id='word_1_218' title='bbox 76 2957 170 3009; x_wconf 89' lang='lat' dir='ltr'>ventu</span> <span class='ocrx_word' id='word_1_219' title='bbox 204 2947 311 3008; x_wconf 89' lang='lat' dir='ltr'>certior</span> <span class='ocrx_word' id='word_1_220' title='bbox 342 2947 439 3007; x_wconf 85' lang='lat' dir='ltr'>iactus</span> <span class='ocrx_word' id='word_1_221' title='bbox 468 2965 503 3008; x_wconf 90' lang='lat' dir='ltr'>eo</span> <span class='ocrx_word' id='word_1_222' title='bbox 532 2948 580 3008; x_wconf 91' lang='lat' dir='ltr'>die</span> <span class='ocrx_word' id='word_1_223' title='bbox 607 2949 690 3009; x_wconf 88' lang='lat' dir='ltr'>milia</span> <span class='ocrx_word' id='word_1_224' title='bbox 712 2967 855 3028; x_wconf 89' lang='lat' dir='ltr'>passuum</span> <span class='ocrx_word' id='word_1_225' title='bbox 878 2963 930 3007; x_wconf 81' lang='lat' dir='ltr'>xx</span> <span class='ocrx_word' id='word_1_226' title='bbox 952 2947 1093 3026; x_wconf 80' lang='lat' dir='ltr'>procedit.</span> <span class='ocrx_word' id='word_1_227' title='bbox 1110 2978 1137 3017; x_wconf 65' lang='grc' dir='ltr'>ιο</span> 
     </span>
     <span class='ocr_line' id='line_1_32' title="bbox 12 3031 1092 3133; baseline -0.003 -38"><span class='ocrx_word' id='word_1_228' title='bbox 12 3057 18 3075; x_wconf 84' lang='lat'><strong>·</strong></span> <span class='ocrx_word' id='word_1_229' title='bbox 78 3032 224 3095; x_wconf 87' lang='lat' dir='ltr'>Crassum</span> <span class='ocrx_word' id='word_1_230' title='bbox 257 3031 489 3094; x_wconf 87' lang='lat' dir='ltr'>Samarobrivae</span> <span class='ocrx_word' id='word_1_231' title='bbox 520 3034 663 3111; x_wconf 75' lang='lat' dir='ltr'>praefecit</span> <span class='ocrx_word' id='word_1_232' title='bbox 695 3033 900 3133; x_wconf 90' lang='lat' dir='ltr'>legionemque</span> <span class='ocrx_word' id='word_1_233' title='bbox 939 3033 1092 3106; x_wconf 86' lang='lat' dir='ltr'>attribuit,</span> 
     </span>
     <span class='ocr_line' id='line_1_33' title="bbox 78 3116 1093 3201; baseline -0.003 -20"><span class='ocrx_word' id='word_1_234' title='bbox 78 3121 161 3201; x_wconf 93' lang='lat' dir='ltr'>quod</span> <span class='ocrx_word' id='word_1_235' title='bbox 187 3118 230 3180; x_wconf 89' lang='lat' dir='ltr'>ibi</span> <span class='ocrx_word' id='word_1_236' title='bbox 257 3118 473 3197; x_wconf 89' lang='lat' dir='ltr'>impedimenta</span> <span class='ocrx_word' id='word_1_237' title='bbox 499 3118 661 3192; x_wconf 86' lang='lat' dir='ltr'>exercitus,</span> <span class='ocrx_word' id='word_1_238' title='bbox 690 3121 809 3181; x_wconf 90' lang='lat' dir='ltr'>obsides</span> <span class='ocrx_word' id='word_1_239' title='bbox 836 3118 1006 3201; x_wconf 81' lang='lat' dir='ltr'>civitatum,</span> <span class='ocrx_word' id='word_1_240' title='bbox 1040 3116 1093 3178; x_wconf 90' lang='lat' dir='ltr'>lit-</span> 
     </span>
     <span class='ocr_line' id='line_1_34' title="bbox 78 3188 1094 3285; baseline -0.004 -17"><span class='ocrx_word' id='word_1_241' title='bbox 78 3215 161 3268; x_wconf 88' lang='lat' dir='ltr'>teras</span> <span class='ocrx_word' id='word_1_242' title='bbox 194 3203 331 3285; x_wconf 87' lang='lat' dir='ltr'>publicas</span> <span class='ocrx_word' id='word_1_243' title='bbox 358 3206 597 3283; x_wconf 82' lang='lat' dir='ltr'>frumentumque</span> <span class='ocrx_word' id='word_1_244' title='bbox 624 3224 726 3280; x_wconf 88' lang='lat' dir='ltr'>omne,</span> <span class='ocrx_word' id='word_1_245' title='bbox 760 3188 844 3285; x_wconf 84' lang='lat' dir='ltr'>quod</span> <span class='ocrx_word' id='word_1_246' title='bbox 862 3212 932 3267; x_wconf 91' lang='lat' dir='ltr'>eot</span> <span class='ocrx_word' id='word_1_247' title='bbox 919 3203 1094 3265; x_wconf 85' lang='lat' dir='ltr'>tolerandae</span> 
     </span>
     <span class='ocr_line' id='line_1_35' title="bbox 78 3289 1095 3370; baseline -0.005 -15"><span class='ocrx_word' id='word_1_248' title='bbox 78 3292 185 3355; x_wconf 89' lang='lat' dir='ltr'>hiemis</span> <span class='ocrx_word' id='word_1_249' title='bbox 207 3310 299 3353; x_wconf 90' lang='lat' dir='ltr'>cansa</span> <span class='ocrx_word' id='word_1_250' title='bbox 322 3292 498 3363; x_wconf 83' lang='lat' dir='ltr'>devexerat,</span> <span class='ocrx_word' id='word_1_251' title='bbox 521 3289 717 3370; x_wconf 88' lang='lat' dir='ltr'>relinquebat.</span> <span class='ocrx_word' id='word_1_252' title='bbox 754 3291 883 3364; x_wconf 89' lang='lat' dir='ltr'>Fabius</span> <span class='ocrx_word' id='word_1_253' title='bbox 906 3299 941 3351; x_wconf 90' lang='lat' dir='ltr'>ut</span> <span class='ocrx_word' id='word_1_254' title='bbox 961 3289 1095 3368; x_wconf 89' lang='lat' dir='ltr'>impera-</span> 
     </span>
     <span class='ocr_line' id='line_1_36' title="bbox 79 3374 1139 3455; baseline -0.004 -14"><span class='ocrx_word' id='word_1_255' title='bbox 79 3389 143 3441; x_wconf 90' lang='lat' dir='ltr'>tum</span> <span class='ocrx_word' id='word_1_256' title='bbox 166 3386 247 3451; x_wconf 88' lang='lat' dir='ltr'>erat,</span> <span class='ocrx_word' id='word_1_257' title='bbox 270 3397 330 3438; x_wconf 92' lang='lat' dir='ltr'>non</span> <span class='ocrx_word' id='word_1_258' title='bbox 351 3378 398 3438; x_wconf 91' lang='lat' dir='ltr'>ita</span> <span class='ocrx_word' id='word_1_259' title='bbox 419 3376 544 3437; x_wconf 89' lang='lat' dir='ltr'>multum</span> <span class='ocrx_word' id='word_1_260' title='bbox 567 3385 700 3437; x_wconf 86' lang='lat' dir='ltr'>moratus</span> <span class='ocrx_word' id='word_1_261' title='bbox 721 3377 752 3437; x_wconf 92' lang='lat' dir='ltr'>iu</span> <span class='ocrx_word' id='word_1_262' title='bbox 773 3377 878 3438; x_wconf 90' lang='lat' dir='ltr'>itinere</span> <span class='ocrx_word' id='word_1_263' title='bbox 899 3395 964 3437; x_wconf 92' lang='lat' dir='ltr'>cum</span> <span class='ocrx_word' id='word_1_264' title='bbox 981 3374 1095 3455; x_wconf 90' lang='lat' dir='ltr'>legione</span> <span class='ocrx_word' id='word_1_265' title='bbox 1112 3408 1139 3448; x_wconf 60' lang='lat'>³3</span> 
     </span>
     <span class='ocr_line' id='line_1_37' title="bbox 80 3461 1095 3540; baseline -0.005 -13"><span class='ocrx_word' id='word_1_266' title='bbox 80 3465 214 3527; x_wconf 86' lang='lat' dir='ltr'>occurrit</span> <span class='ocrx_word' id='word_1_267' title='bbox 257 3463 410 3526; x_wconf 88' lang='lat' dir='ltr'>Labienus</span> <span class='ocrx_word' id='word_1_268' title='bbox 432 3462 555 3540; x_wconf 73' lang='lat' dir='ltr'>interitu</span> <span class='ocrx_word' id='word_1_269' title='bbox 576 3461 682 3524; x_wconf 85' lang='lat' dir='ltr'>Sabini</span> <span class='ocrx_word' id='word_1_270' title='bbox 701 3472 732 3524; x_wconf 92' lang='lat' dir='ltr'>et</span> <span class='ocrx_word' id='word_1_271' title='bbox 752 3464 842 3524; x_wconf 89' lang='lat' dir='ltr'>caede</span> <span class='ocrx_word' id='word_1_272' title='bbox 863 3462 1028 3524; x_wconf 89' lang='lat' dir='ltr'>cohortium</span> <span class='ocrx_word' id='word_1_273' title='bbox 1043 3480 1095 3523; x_wconf 92' lang='lat' dir='ltr'>co-</span> 
     </span>
     <span class='ocr_line' id='line_1_38' title="bbox 80 3548 1094 3632; baseline -0.003 -19"><span class='ocrx_word' id='word_1_274' title='bbox 80 3552 179 3632; x_wconf 86' lang='lat' dir='ltr'>gnita,</span> <span class='ocrx_word' id='word_1_275' title='bbox 208 3571 276 3612; x_wconf 92' lang='lat' dir='ltr'>oum</span> <span class='ocrx_word' id='word_1_276' title='bbox 299 3569 401 3612; x_wconf 88' lang='lat' dir='ltr'>omnes</span> <span class='ocrx_word' id='word_1_277' title='bbox 424 3550 464 3616; x_wconf 89' lang='lat' dir='ltr'>ad</span> <span class='ocrx_word' id='word_1_278' title='bbox 486 3569 553 3610; x_wconf 89' lang='lat' dir='ltr'>eum</span> <span class='ocrx_word' id='word_1_279' title='bbox 578 3549 777 3611; x_wconf 88' lang='lat' dir='ltr'>Treverorum</span> <span class='ocrx_word' id='word_1_280' title='bbox 800 3549 902 3628; x_wconf 89' lang='lat' dir='ltr'>copiae</span> <span class='ocrx_word' id='word_1_281' title='bbox 923 3548 1094 3622; x_wconf 86' lang='lat' dir='ltr'>venissent,</span> 
     </span>
     <span class='ocr_line' id='line_1_39' title="bbox 80 3628 1140 3717; baseline -0.003 -19"><span class='ocrx_word' id='word_1_282' title='bbox 80 3639 210 3710; x_wconf 87' lang='lat' dir='ltr'>veritus,</span> <span class='ocrx_word' id='word_1_283' title='bbox 233 3657 286 3709; x_wconf 90' lang='lat' dir='ltr'>ne,</span> <span class='ocrx_word' id='word_1_284' title='bbox 310 3656 347 3697; x_wconf 84' lang='lat' dir='ltr'>ex</span> <span class='ocrx_word' id='word_1_285' title='bbox 368 3635 500 3697; x_wconf 89' lang='lat' dir='ltr'>hibernis</span> <span class='ocrx_word' id='word_1_286' title='bbox 522 3635 656 3717; x_wconf 89' lang='lat' dir='ltr'>lugae</span> <span class='ocrx_word' id='word_1_287' title='bbox 632 3656 658 3696; x_wconf 82' lang='lat' dir='ltr'>su</span> <span class='ocrx_word' id='word_1_288' title='bbox 681 3636 809 3697; x_wconf 91' lang='lat' dir='ltr'>similem</span> <span class='ocrx_word' id='word_1_289' title='bbox 823 3628 1033 3715; x_wconf 77' lang='lat' dir='ltr'>profectionem</span> <span class='ocrx_word' id='word_1_290' title='bbox 1048 3636 1095 3696; x_wconf 85' lang='lat' dir='ltr'>fe·</span> <span class='ocrx_word' id='word_1_291' title='bbox 1109 3640 1140 3681; x_wconf 72' lang='lat'>*-</span> 
     </span>
     <span class='ocr_line' id='line_1_40' title="bbox 82 3720 1096 3821; baseline 0 -36"><span class='ocrx_word' id='word_1_292' title='bbox 82 3724 185 3798; x_wconf 89' lang='lat' dir='ltr'>cisset,</span> <span class='ocrx_word' id='word_1_293' title='bbox 208 3723 340 3785; x_wconf 91' lang='lat' dir='ltr'>hostium</span> <span class='ocrx_word' id='word_1_294' title='bbox 361 3723 505 3821; x_wconf 88' lang='lat' dir='ltr'>impetum</span> <span class='ocrx_word' id='word_1_295' title='bbox 528 3722 676 3784; x_wconf 88' lang='lat' dir='ltr'>sustinere</span> <span class='ocrx_word' id='word_1_296' title='bbox 697 3742 756 3784; x_wconf 93' lang='lat' dir='ltr'>non</span> <span class='ocrx_word' id='word_1_297' title='bbox 778 3730 896 3801; x_wconf 88' lang='lat' dir='ltr'>posset,</span> <span class='ocrx_word' id='word_1_298' title='bbox 920 3720 1096 3801; x_wconf 89' lang='lat' dir='ltr'>praesertim</span> 
     </span>
     <span class='ocr_line' id='line_1_41' title="bbox 81 3807 1139 3889; baseline -0.001 -18"><span class='ocrx_word' id='word_1_299' title='bbox 81 3829 156 3889; x_wconf 91' lang='lat' dir='ltr'>quos</span> <span class='ocrx_word' id='word_1_300' title='bbox 178 3810 290 3871; x_wconf 91' lang='lat' dir='ltr'>recenti</span> <span class='ocrx_word' id='word_1_301' title='bbox 311 3808 439 3870; x_wconf 78' lang='lat' dir='ltr'>victmia</span> <span class='ocrx_word' id='word_1_302' title='bbox 461 3809 559 3869; x_wconf 83' lang='lat' dir='ltr'>efferri</span> <span class='ocrx_word' id='word_1_303' title='bbox 581 3809 687 3882; x_wconf 87' lang='lat' dir='ltr'>sciret,</span> <span class='ocrx_word' id='word_1_304' title='bbox 710 3810 745 3870; x_wconf 91' lang='lat' dir='ltr'>lit</span> <span class='ocrx_word' id='word_1_305' title='bbox 733 3818 826 3870; x_wconf 88' lang='lat' dir='ltr'>tteras</span> <span class='ocrx_word' id='word_1_306' title='bbox 849 3807 974 3869; x_wconf 86' lang='lat' dir='ltr'>Caesari</span> <span class='ocrx_word' id='word_1_307' title='bbox 989 3809 1094 3870; x_wconf 87' lang='lat' dir='ltr'>remit·</span> <span class='ocrx_word' id='word_1_308' title='bbox 1111 3842 1139 3882; x_wconf 73' lang='lat'>40</span> 
     </span>
     <span class='ocr_line' id='line_1_42' title="bbox 81 3894 1095 3977; baseline 0 -21"><span class='ocrx_word' id='word_1_309' title='bbox 81 3895 135 3968; x_wconf 89' lang='lat' dir='ltr'>tit,</span> <span class='ocrx_word' id='word_1_310' title='bbox 183 3905 274 3958; x_wconf 87' lang='lat' dir='ltr'>nanto</span> <span class='ocrx_word' id='word_1_311' title='bbox 302 3915 369 3956; x_wconf 91' lang='lat' dir='ltr'>cum</span> <span class='ocrx_word' id='word_1_312' title='bbox 396 3895 528 3974; x_wconf 90' lang='lat' dir='ltr'>periculo</span> <span class='ocrx_word' id='word_1_313' title='bbox 551 3894 696 3977; x_wconf 89' lang='lat' dir='ltr'>legionem</span> <span class='ocrx_word' id='word_1_314' title='bbox 721 3915 759 3956; x_wconf 89' lang='lat' dir='ltr'>ex</span> <span class='ocrx_word' id='word_1_315' title='bbox 779 3895 912 3956; x_wconf 90' lang='lat' dir='ltr'>hibernis</span> <span class='ocrx_word' id='word_1_316' title='bbox 936 3896 1095 3956; x_wconf 87' lang='lat' dir='ltr'>educturus</span> 
     </span>
     <span class='ocr_line' id='line_1_43' title="bbox 82 3915 1095 4062; baseline -0.001 -19"><span class='ocrx_word' id='word_1_317' title='bbox 82 3915 183 4056; x_wconf 54' lang='lat' dir='ltr'>assati</span> <span class='ocrx_word' id='word_1_318' title='bbox 200 4000 262 4043; x_wconf 90' lang='lat' dir='ltr'>rem</span> <span class='ocrx_word' id='word_1_319' title='bbox 285 3992 401 4062; x_wconf 85' lang='lat' dir='ltr'>gestam</span> <span class='ocrx_word' id='word_1_320' title='bbox 422 3981 454 4042; x_wconf 91' lang='lat' dir='ltr'>in</span> <span class='ocrx_word' id='word_1_321' title='bbox 476 3981 665 4043; x_wconf 81' lang='lat' dir='ltr'>Eburonibus</span> <span class='ocrx_word' id='word_1_322' title='bbox 687 3981 860 4061; x_wconf 88' lang='lat' dir='ltr'>perscribit,</span> <span class='ocrx_word' id='word_1_323' title='bbox 884 3983 970 4043; x_wconf 89' lang='lat' dir='ltr'>docet</span> <span class='ocrx_word' id='word_1_324' title='bbox 993 4000 1095 4043; x_wconf 85' lang='lat' dir='ltr'>omnes</span> 
     </span>
    </p>
   </div>
   <div class='ocr_carea' id='block_1_3' title="bbox 0 0 1325 4492">
    <p class='ocr_par' dir='ltr' id='par_1_6' title="bbox 0 0 1325 4492">
     <span class='ocr_line' id='line_1_44' title="bbox 0 0 1325 4492; baseline 0 0"><span class='ocrx_word' id='word_1_325' title='bbox 0 0 1325 4492; x_wconf 95' lang='lat' dir='ltr'> </span> 
     </span>
    </p>
   </div>
  </div>
 </body>
</html>
