2616 4492
181 1144 259 1226 DE
281 1142 496 1226 MENDIS
525 1143 783 1227 CODIOUM
812 1136 1092 1225 CAESARIS.

130 1489 190 1584 Et
215 1517 338 1580 licentia
362 1519 514 1580 rhetorum
541 1519 812 1599 magistrorumque
837 1526 867 1580 et
893 1515 1082 1597 neglegentia
1103 1533 1149 1577 so·

130 1617 291 1699 cordisque
324 1618 554 1682 describentium
586 1628 616 1681 et
648 1618 709 1682 iam
741 1619 837 1699 ipsius
869 1617 1012 1697 temporis
1038 1615 1150 1679 iniuria

132 1720 244 1781 factum
272 1728 337 1796 est,
378 1727 411 1780 ut
441 1720 537 1781 tribus
570 1719 665 1782 modis
696 1719 806 1782 vitiata
838 1718 925 1780 hodie
957 1716 1150 1780 inveniantur

132 1840 222 1900 opera
242 1818 384 1882 Caesaris
406 1816 513 1903 (neque
539 1840 608 1883 vero
636 1819 698 1882 alia
719 1829 884 1882 ceterorum
904 1827 1039 1880 veterum
1060 1817 1150 1897 scrip-

132 1928 231 1982 torum
257 1941 324 1983 sors
350 1921 437 2006 fuit);
471 1940 558 1997 nam,
586 1942 624 1983 ne
650 1922 687 1983 de
713 1921 752 1981 iis
780 1920 929 1982 codicibus
957 1918 1072 1994 dicam,
1099 1917 1149 1998 qui

132 2021 251 2102 proprie
276 2021 452 2102 interpolati
480 2022 681 2103 appellantur,
714 2040 838 2102 quorum
870 2019 1007 2081 omnibus
1032 2021 1094 2081 fere
1119 2018 1150 2078 in

131 2121 269 2203 partibus
301 2123 433 2185 cernitur
464 2123 658 2199 deformati0,
692 2122 784 2184 etiam
814 2121 877 2198 illi,
910 2119 959 2201 qui
991 2140 1057 2182 cnm
1090 2137 1152 2180 sor-

133 2223 220 2286 dibus
257 2223 383 2285 istornm
423 2222 588 2304 comparati
619 2223 798 2304 integrorum
839 2220 957 2283 nomine
996 2227 1151 2296 emantur,

134 2331 187 2386 aut
218 2323 429 2386 omissionibus
462 2324 640 2386 detrimenta
672 2331 813 2404 ceperunt
844 2330 897 2384 aut
935 2321 1151 2384 adiectionibus

133 2423 282 2504 inquinati
313 2432 384 2486 sunt
416 2432 469 2486 aut
500 2424 716 2488 mutationibus
755 2423 948 2487 multifariam
980 2419 1149 2503 depravati.

135 2521 269 2593 Quorum
287 2525 407 2604 quidem
424 2527 598 2588 mendorum
616 2526 759 2588 nonnulla
782 2525 856 2588 adeo
882 2524 1017 2586 omnibus
1035 2541 1152 2607 promp-

136 2631 169 2686 ta
200 2634 232 2688 et
258 2634 364 2705 aperta
395 2635 483 2703 sunt,
516 2634 550 2688 nt
582 2626 619 2688 iis
650 2626 704 2690 vix
730 2626 887 2707 qnisquam
914 2623 1011 2704 decipi
1036 2622 1151 2704 possit,

137 2725 199 2788 alia
224 2725 300 2788 satis
326 2726 480 2790 recondita
504 2726 563 2788 nisi
590 2726 725 2790 adhibita
750 2726 880 2807 quadam
905 2724 1063 2807 diligentia
1094 2722 1152 2784 sol·

136 2825 285 2908 lentiaque
318 2827 363 2888 sni
397 2834 579 2907 potestatem
612 2847 670 2888 non
703 2827 832 2901 faciunt,
867 2825 929 2888 alia
954 2823 1081 2905 denique
1106 2821 1152 2883 ita

136 2927 273 2988 veritatis
313 2928 412 3007 specie
450 2929 562 3004 latent,
602 2934 636 2988 ut
669 2927 748 2988 omni
780 2925 869 2988 facile
895 2925 1064 3005 suspicione
1090 2922 1152 2984 ela·

137 3028 259 3104 bantur,
286 3036 356 3113 aut,
383 3027 409 3091 si
436 3028 505 3109 quis
526 3027 597 3109 qnid
621 3027 773 3104 odoretur,
801 3026 864 3088 eius
883 3045 976 3106 usque
995 3023 1152 3087 adsiduum

137 3127 270 3190 laborem
296 3129 485 3191 frustrentur.
536 3129 643 3210 Neque
674 3127 731 3190 nisi
758 3147 819 3189 una
843 3127 896 3191 via
922 3147 957 3188 ac
982 3122 1058 3188 ratio
1086 3131 1151 3200 est,

138 3247 200 3308 qua
224 3236 271 3290 tot
295 3237 459 3310 tantaeque
487 3230 608 3292 fraudes
636 3227 819 3308 aperiantur.
872 3227 915 3290 Ut
940 3226 1018 3290 enim
1041 3224 1082 3287 ad
1106 3245 1152 3288 ae·

139 3327 318 3408 gritudinem
336 3331 483 3410 ‘corporis
514 3328 746 3411 &gnosceudam
775 3328 906 3392 maxime
934 3328 1061 3392 interest
1097 3324 1152 3388 sci-

137 3448 185 3506 re,
219 3431 326 3511 quibus
358 3431 519 3512 praecipue
552 3431 651 3494 causis
680 3429 815 3510 singulae
847 3427 1069 3510 aegrotationes
1100 3445 1152 3488 na-

140 3538 262 3593 scantur
294 3541 325 3594 et
356 3533 403 3595 cui
436 3533 561 3614 quisque
593 3533 695 3595 morbo
728 3540 834 3612 suapte
865 3539 976 3594 natura
1009 3548 1044 3591 ac
1069 3527 1151 3589 vitae

141 3639 219 3693 sorte
245 3630 382 3713 inprimis
415 3632 562 3695 obnoxius
595 3632 652 3710 sit,
678 3632 765 3695 ¹haud
791 3630 881 3694 aliter
905 3631 936 3692 in
963 3629 1151 3708 antiquorum

140 3729 281 3794 librorum
314 3732 483 3794 condicione
515 3733 701 3813 exploranda
732 3751 807 3813 opus
839 3739 886 3793 est
911 3729 1049 3805 novisse,
1077 3747 1151 3809 quos

140 3829 286 3895 subierint
311 3853 400 3895 casus
425 3833 561 3914 iniquos,
594 3853 683 3914 quam
709 3853 748 3897 ex
772 3832 818 3896 his
845 3830 1035 3912 potissimum
1063 3829 1152 3891 mole

141 3930 232 3995 stiam
256 3933 425 4011 traxerint,
451 3954 470 3997 a
495 3954 556 4015 qua
580 3943 668 4014 parte
685 3933 845 3998 inlubrico
872 3940 1037 3996 versentur.
1081 3928 1149 3991 Neu

1032 4032 1048 4097 l
