2616 4492
220 288 264 356 86
547 306 596 357 nn
617 308 736 358 annno
758 308 913 358 amuco

220 445 374 527 peditatus
396 447 608 528 equitatusque
629 449 730 528 copias
754 449 953 512 Treverorum
975 448 1035 510 tria
1057 447 1141 509 milia
1162 467 1236 528 pas·

221 551 310 595 suum
332 532 420 613 longe
442 535 481 595 ab
503 535 566 596 suis
589 535 696 597 castris
718 535 899 597 consedisse.

179 630 251 681 aa·
285 617 400 680 Caesar
424 621 548 682 consilio
571 621 634 682 eius
656 623 800 702 probato,
829 622 886 683 etsi
912 619 1053 700 opinione
1077 618 1168 680 trium
1190 618 1237 682 le-

222 703 343 786 gionum
365 705 497 767 deiectus
520 709 657 768 adduas
680 708 826 782 redierat,
853 718 955 768 tamen
976 716 1067 767 unum
1090 705 1239 766 communi

192 791 314 860 ssaluti
341 792 484 853 auxilium
511 793 542 853 in
570 793 722 855 celeritate
744 795 885 875 ponebat.
928 791 1023 853 Venit
1045 791 1162 872 maguis
1183 791 1237 852 iti-

222 876 343 939 neribus
375 878 406 939 in
438 877 616 940 Nerviorum
648 879 732 942 lines.
781 880 829 942 Ibi
855 899 893 940 ex
919 877 1047 958 captivis
1070 877 1236 958 cognoscit,

221 982 300 1045 qnae
327 965 407 1043 apud
433 963 605 1027 Ciceronem
627 975 769 1045 gerantur
789 974 961 1046 quantoque
982 964 1014 1025 in
1035 963 1166 1043 periculo
1188 982 1237 1025 res

222 1050 272 1111 sit
316 1049 393 1111 Tum
425 1051 542 1113 cuidam
575 1071 613 1114 ex
642 1052 791 1131 equitibus
818 1051 916 1113 Gallis
944 1050 1062 1130 magnis
1094 1046 1238 1129 praemiis

222 1136 400 1216 persuadet,
434 1137 479 1197 uti
511 1139 550 1198 ad
583 1137 756 1199 Ciceronem
790 1136 949 1217 epistolam
982 1137 1105 1197 deferat
1149 1135 1239 1197 Hanc

180 1253 209 1292 ιο
225 1221 349 1284 Graecis
372 1222 570 1304 conscriptam
593 1223 701 1286 litteris
724 1224 833 1299 mittit,
861 1243 899 1284 ne
920 1223 1089 1301 intercepta
1111 1220 1239 1301 epistola

224 1316 331 1371 nostra
362 1309 401 1370 ab
427 1309 565 1371 hostibus
593 1310 719 1372 consilia
745 1318 970 1392 cognoscantur.
1016 1307 1050 1370 Si
1072 1308 1156 1370 adire
1178 1326 1238 1369 non

222 1394 335 1477 possit,
357 1406 474 1469 monet,
497 1394 539 1458 ut'
552 1396 701 1476 tragulam
723 1415 789 1458 cum
812 1395 941 1475 epistola
961 1396 1168 1456 adamantum
1184 1396 1240 1455 de-

222 1480 317 1562 ligata
349 1480 429 1542 intra
461 1482 657 1543 munitionem
689 1491 856 1544 castrorum
890 1481 1021 1542 abiiciat.
1069 1481 1106 1542 In
1128 1480 1239 1542 litteris

222 1567 328 1629 scribit
348 1586 381 1628 se
403 1587 469 1629 cum
491 1567 656 1649 legionibus
677 1570 843 1648 proiectum
867 1566 1004 1629 celeriter
1025 1568 1143 1640 adiere;
1165 1567 1240 1628 hor-

179 1673 207 1713 rs
221 1661 313 1727 tatur,
347 1662 382 1715 ut
407 1653 566 1734 pristinam
593 1655 735 1716 virtutem
762 1655 899 1716 retineat.
944 1652 1054 1714 Gallus
1075 1652 1240 1733 periculum

222 1740 352 1813 veritus,
376 1748 410 1801 ut
432 1750 499 1802 erat
519 1750 726 1821 praeceptum,
749 1740 899 1821 tragulam
922 1739 1023 1800 mittit
1060 1739 1146 1801 Haec
1167 1757 1240 1800 casn

224 1828 264 1888 ad
295 1827 401 1888 turrim
429 1827 568 1889 adhaesit
594 1847 690 1907 neque
718 1828 756 1887 ab
779 1826 890 1887 nostris
913 1825 1004 1887 biduo
1027 1825 1241 1887 animadversa

223 1912 313 1974 tertio
341 1913 389 1974 die
416 1932 436 1973 a
463 1916 591 1993 quodam
618 1913 712 1975 milite
734 1912 924 1991 conspicitur,
948 1913 1069 1990 dempta
1091 1913 1131 1973 ad
1153 1911 1240 1973 Cice-

223 2017 327 2061 ronem
354 1999 493 2060 defertur.
541 1999 598 2061 Ille
625 2000 788 2078 perlectam
815 1998 846 2060 in
868 2005 1018 2058 conventu
1039 1997 1168 2059 militum
1189 2016 1240 2058 re-

180 2104 210 2143 so
224 2085 299 2146 citat
331 2084 519 2164 maximaque
552 2105 654 2147 omnes
681 2085 798 2147 laetitia
825 2084 935 2146 adlicit
985 2083 1064 2144 Tum
1089 2084 1166 2145 muni
1191 2083 1241 2145 in-

223 2170 398 2233 cendiorum
424 2172 525 2250 procul
546 2172 735 2245 videbantur,
765 2190 841 2252 quae
863 2189 911 2231 res
934 2188 1052 2232 omnem
1074 2169 1242 2232 dubitatio-

224 2275 294 2319 nem
316 2258 465 2318 adventus
488 2257 636 2337 legionum
659 2257 783 2338 expulit.

181 2354 216 2406 49
289 2341 373 2404 Galli
404 2362 437 2404 re
469 2344 588 2424 cognita
619 2363 673 2424 per
699 2344 905 2423 exploratores
933 2342 1119 2404 obsidionem
1146 2341 1240 2403 relin-

224 2437 335 2507 quunt,
369 2429 408 2489 ad
441 2428 601 2490 Caesarem
634 2429 772 2491 omnibus
805 2430 898 2509 copiis
932 2430 1125 2490 contendunt
1173 2428 1242 2488 Hae

179 2536 209 2577 rs
224 2523 312 2576 erant
345 2523 480 2576 armatae
513 2515 628 2577 circiter
659 2514 742 2576 milia
768 2530 827 2576 Lx.
877 2515 980 2577 Cicero
1003 2516 1077 2576 date
1097 2513 1242 2575 facultate

224 2600 348 2662 Gallum
381 2602 420 2661 ab
454 2604 559 2663 eodem
585 2602 763 2675 Verticone,
792 2621 881 2681 quem
903 2621 996 2680 supra
1018 2600 1241 2662 demonstravi-

224 2705 307 2761 mus,
341 2687 467 2766 rspetit‚
501 2688 551 2768 qui
582 2687 700 2750 litteras
728 2690 768 2749 ad
794 2687 957 2749 Caesarem
985 2688 1108 2749 deferat.
1152 2687 1243 2748 Hunc

225 2774 383 2846 admonet,
413 2774 471 2834 iter
502 2781 588 2836 caute
621 2773 835 2854 diligenterque
866 2774 968 2836 iaciat.
1022 2772 1190 2835 Perscribit
1210 2773 1242 2834 in

225 2858 334 2920 litteris
356 2859 459 2921 hostes
482 2861 521 2921 ab
543 2880 576 2922 se
598 2861 772 2922 discessisse
794 2879 970 2940 omnemque
991 2862 1031 2921 ad
1053 2878 1120 2921 eum
1136 2857 1242 2920 multi·

181 2967 210 3007 so
224 2946 358 3007 tudinem
386 2947 580 3009 convertisse.
625 2944 741 3017 Quibus
763 2946 872 3008 litteris
894 2946 1011 3008 circiter
1032 2945 1132 3007 media
1153 2953 1242 3006 nocte

224 3029 338 3093 Caesar
365 3031 467 3094 allatis
495 3053 566 3094 suos
587 3033 660 3094 facit
681 3033 822 3094 certiores
845 3051 954 3113 eosque
977 3033 1016 3093 ad
1039 3031 1243 3093 dimicandum

224 3118 324 3180 animo
358 3120 523 3180 confirmat
567 3119 696 3181 Postero
730 3120 777 3181 die
805 3119 871 3180 luce
895 3118 995 3199 prima
1015 3126 1118 3179 movet
1140 3125 1243 3178 castra

224 3214 257 3267 et
284 3205 401 3266 circiter
427 3205 511 3267 milia
537 3224 681 3285 passuum
705 3215 846 3287 quattuor
867 3223 1042 3285 progressus
1064 3213 1150 3266 trans
1171 3202 1242 3264 val-

223 3290 283 3353 lem
316 3300 347 3353 et
378 3292 476 3353 rivum
509 3292 729 3354 multitudinem
761 3291 894 3353 hostium
922 3291 1120 3370 conspicatur.
1164 3289 1244 3351 Erat

180 3400 209 3439 ss
223 3379 324 3459 magni
356 3378 480 3457 periculi
512 3398 560 3439 res
593 3378 719 3440 tantulis
747 3377 839 3456 copiis
868 3377 969 3458 iniquo
996 3377 1061 3439 loco
1084 3376 1241 3450 dimicare3

223 3472 303 3540 tum,
328 3464 467 3545 quoniam
492 3465 646 3526 obsidione
668 3465 826 3543 liberatum
848 3462 1023 3525 Ciceronem
1039 3464 1163 3538 sciebat,
1187 3482 1243 3525 ae-

224 3569 282 3630 quo
306 3552 406 3614 animo
429 3552 640 3613 remittendum
663 3552 700 3611 de
722 3549 873 3611 eeleritate
896 3551 1104 3612 existimabat:
1133 3568 1242 3611 conse-

178 3644 209 3701 *
223 3636 270 3698 dit
296 3647 328 3698 et
354 3657 444 3719 quam
472 3637 649 3719 aequissimo
672 3636 737 3697 loco
759 3644 862 3716 potest
882 3645 984 3698 castra
1006 3637 1169 3699 communit
1191 3645 1243 3697 at-

223 3741 281 3802 que
302 3725 390 3797 haec,
415 3724 471 3785 etsi
494 3740 580 3786 erant
602 3723 710 3802 exigua
730 3741 786 3802 per
808 3741 856 3795 se,
878 3723 931 3784 vix
952 3723 1106 3784 hominum
1127 3722 1243 3784 milium

181 3831 210 3870 eo
225 3818 355 3888 septem,
388 3811 563 3890 praesertim
591 3808 680 3870 nullis
703 3826 769 3869 cum
790 3808 1025 3887 impedimentis,
1059 3818 1162 3871 tamen
1184 3827 1244 3869 an·

225 3897 330 3976 gustiis
363 3896 479 3957 viarum
513 3915 602 3976 quam
630 3894 757 3956 maxime
783 3903 885 3975 potest
906 3895 1072 3968 contrahit,
1105 3914 1140 3957 eo
1168 3913 1244 3956 con-

225 3983 311 4056 silio,
335 3982 422 4043 utin
445 4001 593 4044 summam
616 3981 868 4062 contemptionem
888 3982 1026 4045 hostibus
1048 3981 1161 4044 uenmt
1188 3981 1245 4043 In·
