2616 4492
210 281 272 345 150
538 296 587 345 on
609 295 726 343 annno
750 294 906 345 caturco

206 452 308 500 secum
328 435 478 508 habebat,
506 435 538 496 in
563 435 698 498 hibernis
720 434 841 499 Cenabi
863 435 1046 508 conlocavit3
1074 434 1141 514 ipse
1163 453 1232 498 cum

208 523 322 585 crebris
356 522 554 602 legationibus
586 523 751 601 Remorum
783 525 891 586 certior
917 525 1005 586 fieret
1030 520 1232 602 Bellovacos,

208 609 261 690 qui
292 607 365 670 belli
397 608 494 690 gloria
527 607 635 670 Gallos
669 629 770 671 omnes
803 610 975 691 Belgasque
1007 607 1232 688 praestabant,

207 695 409 776 finitimasque
436 695 474 756 iis
502 695 642 756 civitates
657 697 744 768 duce
768 695 877 758 Correo
899 696 1060 757 Bellovaco
1084 703 1116 755 et
1137 694 1233 762 Com,-

149 796 151 803 ·
178 781 268 842 omio
300 780 450 842 Atrebate
480 781 627 851 exercitus
656 801 830 862 comparare
852 792 944 864 atque
964 781 996 843 in
1018 800 1110 843 unum
1133 780 1234 842 locum

208 886 329 948 cogere,
362 875 397 930 nt
428 868 509 928 omni
543 867 733 930 multitudine
765 869 796 929 in
829 870 904 931 fines
934 867 1146 939 Suessionum,
1181 867 1234 950 qui

206 953 311 1016 Remis
341 962 428 1015 erant
455 954 608 1028 attributi,
642 956 776 1016 lacerent
806 954 1048 1035 impressionem,
1080 953 1235 1033 pertinere

207 1048 308 1102 autem
330 1059 391 1100 non
411 1049 531 1102 tantum
553 1041 593 1101 ad
615 1040 824 1121 dignitatem,
843 1043 898 1108 sed
925 1041 1017 1102 etiam
1040 1041 1080 1101 ad
1102 1039 1234 1101 salutem

208 1145 295 1187 suam
322 1126 467 1189 indicaret
493 1126 607 1187 nullam
636 1127 843 1204 calamitatem
866 1127 963 1190 socios
987 1125 1099 1206 optime
1121 1127 1160 1187 de
1181 1144 1233 1193 re÷

171 1211 329 1295 rppublioa
350 1213 472 1274 meritos
495 1213 644 1292 accipere,
668 1213 813 1293 legionem
837 1232 875 1275 ex
888 1214 1023 1275 hibernis
1038 1219 1146 1273 evocat
1160 1231 1233 1273 rur-

209 1319 261 1361 sus
289 1300 493 1373 undecimam,
527 1299 645 1360 litteras
674 1308 727 1360 aut
728 1320 776 1360 em
802 1302 842 1361 ad
869 1299 980 1362 Gaium
1001 1298 1134 1360 Fabium
1156 1298 1232 1359 mit-

206 1385 259 1458 tit,
281 1393 316 1446 nt
337 1385 368 1448 in
390 1385 465 1446 fines
489 1384 684 1451 Suessionum
707 1386 839 1466 legiones
862 1387 954 1460 duas,
981 1404 1057 1465 quas
1078 1384 1230 1459 habebat,

208 1472 386 1545 adduceret,
358 1471 600 1550 talteramqne
622 1491 660 1532 ex
682 1473 799 1534 duabus
821 1473 859 1533 ab
883 1473 919 1555 Τ
933 1472 1071 1534 Labieno
1093 1461 1231 1532 arcessit.

206 1558 272 1633 Ita,
302 1566 447 1639 quantum
469 1558 663 1639 hibernorum
685 1560 895 1659 opportunitas
920 1558 1051 1638 bellique
1072 1557 1152 1618 ratio
1173 1576 1233 1637 po-

169 1667 195 1712 ιι
209 1638 346 1705 stulabat
353 1689 362 1730 ,
333 1633 529 1724 tperpetuo
553 1662 607 1705 suo
629 1644 765 1713 labore
756 1665 788 1707 ιιι
810 1645 905 1709 vicem
923 1644 1088 1725 legionibus
1103 1644 1232 1723 expedi·

209 1730 325 1816 tionum
347 1750 422 1793 onus
444 1730 652 1812 iniungebat

176 1821 194 1874 7
270 1817 329 1878 His
356 1816 450 1896 copiis
478 1817 589 1879 coactis
616 1818 659 1878 ad
680 1816 857 1887 Bellovacos
880 1816 1080 1897 proficiscitur
1102 1816 1231 1885 castris-

207 1922 266 1986 que
297 1903 329 1965 in
363 1922 465 1965 eorum
493 1904 601 1965 finibus
629 1900 737 1983 positis
761 1904 894 1984 equitum
917 1911 1031 1965 turmas
1054 1903 1209 1964 dimittit
1200 1923 1233 1965 ru

208 2008 311 2049 omues
339 2000 443 2068 partes
469 1991 510 2051 ad
531 1989 648 2068 aliquos
672 1990 878 2069 excipiendos,
908 2010 945 2051 ex
968 1990 1076 2071 quibus
1098 1989 1232 2051 hostium

167 2094 195 2133 ao
210 2075 336 2136 consilia
358 2083 558 2155 cognosceret.
593 2075 720 2155 Equites
741 2077 838 2138 olficio
853 2076 947 2143 functi
961 2076 1137 2138 renuntiant
1151 2095 1231 2155 pan-,

209 2179 259 2226 cos
287 2161 320 2221 in
347 2162 492 2234 aedificiis
515 2181 581 2222 esse
601 2161 758 2235 inventos,
787 2171 878 2242 atquc
906 2162 960 2223 hos
983 2181 1044 2224 non
1066 2162 1117 2243 qni
1137 2181 1231 2243 agro-

210 2266 276 2308 rum
304 2246 511 2309 colendorum
517 2267 610 2308 causa
632 2248 863 2323 remansissent,
892 2268 1021 2328 namque
1051 2267 1119 2310 esse
1139 2249 1231 2317 undi-

210 2352 267 2413 que
295 2333 453 2432 diligenter
476 2324 689 2412 demigratum,
718 2336 771 2395 sed
793 2335 844 2415 qui
865 2335 1042 2414 speculandi
1064 2353 1158 2397 cansa
1180 2355 1231 2397 es-

210 2427 279 2481 sent
306 2419 432 2489 remissi.
476 2419 508 2481 A
532 2419 638 2499 quibus
661 2439 727 2481 cum
750 2429 907 2500 quaereret
929 2421 1053 2496 Caesar,
1083 2440 1143 2501 quo
1165 2421 1230 2483 loco

168 2525 196 2563 ro
210 2506 370 2588 multitudo
395 2515 477 2566 esset
497 2505 727 2567 Bellovacorum
751 2509 869 2586 quodve
892 2516 975 2569 esset
997 2507 1155 2569 consilium
1177 2527 1231 2569 eo-

208 2610 290 2665 rum,
318 2592 492 2674 inveniebat
518 2591 695 2662 Bellovacos
723 2612 843 2668 omnes,
872 2593 922 2674 qui
950 2612 1036 2655 arma
1056 2594 1135 2656 ferre
1156 2613 1232 2674 pos-

209 2687 295 2750 sent,
331 2679 364 2739 in
396 2698 489 2739 unum
522 2678 620 2740 locum
654 2679 845 2752 convenisse,
878 2680 1009 2760 itemque
1040 2679 1230 2754 Ambianos,

210 2763 372 2839 Aulercos,
397 2765 535 2836 Caletos,
558 2764 765 2841 Veliocasses,
788 2766 973 2839 Atrebatas;
1000 2767 1098 2828 locum
1121 2767 1232 2829 castris

211 2850 401 2912 excelsum
392 2870 424 2911 m
457 2851 535 2912 silva
563 2851 748 2913 circumdata
774 2853 884 2932 palude
907 2852 1067 2933 delegisse,
1101 2852 1232 2932 impedi-

76 2958 80 2966 ·
168 2956 196 2999 ec
210 2945 314 2998 menta
346 2929 447 2999 omn'ia
473 2937 505 2999 in
531 2938 688 3000 ulteriores
717 2939 812 3000 silvas
835 2947 905 3001 cont
892 2939 1007 3000 tulisse.
1052 2938 1231 3039 Complures

211 3043 278 3085 esse
311 3024 459 3104 principes
487 3023 558 3086 belli
585 3033 739 3099 auctores,
775 3027 829 3086 sed
855 3025 1077 3087 multitudinem
1100 3026 1232 3087 maxime

209 3109 322 3172 Correo
356 3111 579 3190 obtemperare,
613 3113 693 3190 quod
727 3111 754 3173 ei
787 3131 903 3173 summo
931 3131 998 3173 esse
1025 3112 1093 3174 odio
1121 3131 1232 3173 nomen

208 3197 314 3277 populi
341 3197 473 3259 Romani
494 3197 723 3259 intellexissent.
766 3198 876 3260 Paucis
900 3207 971 3260 ante
993 3199 1098 3260 diebus
1121 3217 1159 3260 ex
1180 3198 1230 3260 his

209 3284 318 3345 castris
346 3283 525 3345 Atrebatem
554 3283 722 3346 Commium
751 3275 929 3346 discessisse
945 3286 991 3346 ad
1012 3284 1125 3346 auxilia
1149 3283 1230 3346 Ger-

167 3390 195 3429 as
209 3389 365 3432 manorum
400 3371 592 3443 adducenda,
627 3390 752 3451 quorum
780 3379 812 3432 et
837 3371 977 3432 vicinitas
1004 3370 1174 3451 propinqua
1201 3379 1232 3432 et

208 3456 369 3518 multitudo
402 3467 483 3518 esset
516 3453 643 3518 infinita
694 3457 895 3519 Constituisse
923 3465 1024 3519 autem
1050 3456 1231 3519 Bellovacos

209 3543 341 3603 omnium
374 3543 542 3623 principum
577 3563 742 3617 consensu,
777 3562 895 3604 summa
921 3545 1018 3624 plebis
1047 3543 1230 3624 cupiditate,

207 3627 248 3699 si,
282 3637 316 3689 ut
349 3629 506 3703 diceretur,
541 3629 655 3691 Caesar
681 3649 747 3691 cum
774 3630 870 3691 tribus
898 3630 1066 3710 legionibus
1093 3630 1227 3705 veniret,

209 3715 316 3775 offerre
339 3735 372 3775 se
395 3717 435 3777 ad
456 3716 672 3788 dimicandum,
695 3735 733 3777 ne
755 3715 911 3777 miseriore
929 3737 964 3778 ac
982 3718 1102 3779 duriore
1120 3724 1231 3796 postea

168 3820 196 3859 ιο
211 3801 385 3862 condicione
407 3821 472 3863 cum
495 3810 558 3863 toto
582 3801 713 3863 exercitu
736 3803 889 3864 decertare
905 3813 1095 3885 cogerentnr;
1119 3803 1145 3864 si
1160 3821 1229 3864 ma-

210 3885 289 3947 iores
313 3887 416 3967 copias
438 3889 614 3963 adduceret,
637 3889 669 3948 in
692 3907 727 3950 eo
741 3888 808 3951 looo
823 3909 1015 3969 permanere,
1039 3909 1127 3970 quem
1143 3888 1228 3951 dele-

208 3972 338 4054 gissent,
371 3974 566 4053 pabulatione
599 3984 717 4050 antem,
752 3996 828 4057 quae
860 3986 983 4058 propter
1009 3978 1081 4038 anni
1109 3986 1229 4056 tempus
