<?xml version="1.0" encoding="UTF-8"?>
<!DOCTYPE html PUBLIC "-//W3C//DTD XHTML 1.0 Transitional//EN"
    "http://www.w3.org/TR/xhtml1/DTD/xhtml1-transitional.dtd">
<html xmlns="http://www.w3.org/1999/xhtml" xml:lang="en" lang="en">
 <head>
  <title>
</title>
<meta http-equiv="Content-Type" content="text/html;charset=utf-8" />
  <meta name='ocr-system' content='tesseract 3.04.00' />
  <meta name='ocr-capabilities' content='ocr_page ocr_carea ocr_par ocr_line ocrx_word'/>
</head>
<body>
  <div class='ocr_page' id='page_1' title='image "./debellogallicol00friggoog_0175.png"; bbox 0 0 2616 4492; ppageno 0'>
   <div class='ocr_carea' id='block_1_1' title="bbox 191 274 908 339">
    <p class='ocr_par' dir='ltr' id='par_1_1' title="bbox 191 274 908 339">
     <span class='ocr_line' id='line_1_1' title="bbox 191 274 908 339; baseline 0.001 -2"><span class='ocrx_word' id='word_1_1' title='bbox 191 274 279 337; x_wconf 58' lang='lat'><strong>2152</strong></span> <span class='ocrx_word' id='word_1_2' title='bbox 541 290 591 336; x_wconf 83' lang='lat' dir='ltr'><strong>nn</strong></span> <span class='ocrx_word' id='word_1_3' title='bbox 612 288 730 338; x_wconf 84' lang='lat' dir='ltr'><strong>annno</strong></span> <span class='ocrx_word' id='word_1_4' title='bbox 753 288 908 339; x_wconf 80' lang='lat' dir='ltr'><strong>caturco</strong></span> 
     </span>
    </p>
   </div>
   <div class='ocr_carea' id='block_1_2' title="bbox 125 427 1246 4047">
    <p class='ocr_par' dir='ltr' id='par_1_2' title="bbox 175 427 1236 770">
     <span class='ocr_line' id='line_1_2' title="bbox 175 427 1236 511; baseline 0.003 -24"><span class='ocrx_word' id='word_1_5' title='bbox 175 435 208 502; x_wconf 72' lang='lat'><strong>10</strong></span> <span class='ocrx_word' id='word_1_6' title='bbox 279 429 377 491; x_wconf 82' lang='lat' dir='ltr'><strong>Huius</strong></span> <span class='ocrx_word' id='word_1_7' title='bbox 404 427 578 491; x_wconf 86' lang='lat' dir='ltr'><strong>munitionis</strong></span> <span class='ocrx_word' id='word_1_8' title='bbox 606 429 716 511; x_wconf 83' lang='lat' dir='ltr'>duplex</span> <span class='ocrx_word' id='word_1_9' title='bbox 742 439 806 493; x_wconf 89' lang='lat' dir='ltr'><strong>erat</strong></span> <span class='ocrx_word' id='word_1_10' title='bbox 830 428 996 492; x_wconf 89' lang='lat' dir='ltr'><strong>consilium.</strong></span> <span class='ocrx_word' id='word_1_11' title='bbox 1040 427 1181 508; x_wconf 85' lang='lat' dir='ltr'><strong>Namque</strong></span> <span class='ocrx_word' id='word_1_12' title='bbox 1202 435 1236 490; x_wconf 89' lang='lat' dir='ltr'><strong>et</strong></span> 
     </span>
     <span class='ocr_line' id='line_1_3' title="bbox 216 515 1234 596; baseline -0.001 -18"><span class='ocrx_word' id='word_1_13' title='bbox 216 535 338 596; x_wconf 89' lang='lat' dir='ltr'><strong>operum</strong></span> <span class='ocrx_word' id='word_1_14' title='bbox 360 516 594 596; x_wconf 82' lang='lat' dir='ltr'><strong>magnitudinem</strong></span> <span class='ocrx_word' id='word_1_15' title='bbox 617 525 648 578; x_wconf 90' lang='lat' dir='ltr'><strong>et</strong></span> <span class='ocrx_word' id='word_1_16' title='bbox 669 517 804 578; x_wconf 89' lang='lat' dir='ltr'><strong>timorem</strong></span> <span class='ocrx_word' id='word_1_17' title='bbox 828 535 915 578; x_wconf 91' lang='lat' dir='ltr'><strong>suum</strong></span> <span class='ocrx_word' id='word_1_18' title='bbox 938 515 1080 595; x_wconf 80' lang='lat' dir='ltr'><strong>sperabat</strong></span> <span class='ocrx_word' id='word_1_19' title='bbox 1093 515 1234 577; x_wconf 87' lang='lat' dir='ltr'><strong>fiduciam</strong></span> 
     </span>
     <span class='ocr_line' id='line_1_4' title="bbox 215 601 1235 682; baseline -0.002 -18"><span class='ocrx_word' id='word_1_20' title='bbox 215 602 354 671; x_wconf 85' lang='lat' dir='ltr'><strong>barbaris</strong></span> <span class='ocrx_word' id='word_1_21' title='bbox 376 601 553 676; x_wconf 87' lang='lat' dir='ltr'><strong>allaturum,</strong></span> <span class='ocrx_word' id='word_1_22' title='bbox 588 612 633 676; x_wconf 94' lang='lat' dir='ltr'><strong>et,</strong></span> <span class='ocrx_word' id='word_1_23' title='bbox 661 622 728 665; x_wconf 92' lang='lat' dir='ltr'><strong>cum</strong></span> <span class='ocrx_word' id='word_1_24' title='bbox 754 604 932 682; x_wconf 90' lang='lat' dir='ltr'><strong>pabulatum</strong></span> <span class='ocrx_word' id='word_1_25' title='bbox 960 603 1235 681; x_wconf 78' lang='lat' dir='ltr'><strong>frumentatumque</strong></span> 
     </span>
     <span class='ocr_line' id='line_1_5' title="bbox 215 687 1234 770; baseline -0.003 -20"><span class='ocrx_word' id='word_1_26' title='bbox 215 689 333 770; x_wconf 86' lang='lat' dir='ltr'><strong>longius</strong></span> <span class='ocrx_word' id='word_1_27' title='bbox 361 698 452 750; x_wconf 87' lang='lat' dir='ltr'><strong>esset.</strong></span> <span class='ocrx_word' id='word_1_28' title='bbox 468 688 728 768; x_wconf 87' lang='lat' dir='ltr'><strong>proficiscendum,</strong></span> <span class='ocrx_word' id='word_1_29' title='bbox 756 689 860 769; x_wconf 89' lang='lat' dir='ltr'><strong>parvis</strong></span> <span class='ocrx_word' id='word_1_30' title='bbox 889 688 983 769; x_wconf 91' lang='lat' dir='ltr'><strong>copiis</strong></span> <span class='ocrx_word' id='word_1_31' title='bbox 1006 695 1108 748; x_wconf 89' lang='lat' dir='ltr'><strong>castra</strong></span> <span class='ocrx_word' id='word_1_32' title='bbox 1130 687 1234 748; x_wconf 64' lang='lat' dir='ltr'><strong>munia</strong></span> 
     </span>
    </p>

    <p class='ocr_par' dir='ltr' id='par_1_3' title="bbox 185 773 1237 1200">
     <span class='ocr_line' id='line_1_6' title="bbox 185 773 1236 854; baseline 0 -17"><span class='ocrx_word' id='word_1_33' title='bbox 185 775 297 838; x_wconf 83' lang='lat' dir='ltr'><strong>atione</strong></span> <span class='ocrx_word' id='word_1_34' title='bbox 329 773 399 854; x_wconf 91' lang='lat' dir='ltr'><strong>ipsa</strong></span> <span class='ocrx_word' id='word_1_35' title='bbox 424 774 547 838; x_wconf 87' lang='lat' dir='ltr'><strong>videbat</strong></span> <span class='ocrx_word' id='word_1_36' title='bbox 572 794 663 854; x_wconf 90' lang='lat' dir='ltr'><strong>posse</strong></span> <span class='ocrx_word' id='word_1_37' title='bbox 686 775 811 837; x_wconf 85' lang='lat' dir='ltr'><strong>defendi.</strong></span> <span class='ocrx_word' id='word_1_38' title='bbox 854 775 979 837; x_wconf 83' lang='lat' dir='ltr'><strong>Interim</strong></span> <span class='ocrx_word' id='word_1_39' title='bbox 1002 775 1104 835; x_wconf 90' lang='lat' dir='ltr'><strong>crebro</strong></span> <span class='ocrx_word' id='word_1_40' title='bbox 1127 773 1236 853; x_wconf 81' lang='lat' dir='ltr'><strong>paucis</strong></span> 
     </span>
     <span class='ocr_line' id='line_1_7' title="bbox 216 860 1235 940; baseline -0.005 -17"><span class='ocrx_word' id='word_1_41' title='bbox 216 861 365 940; x_wconf 85' lang='lat' dir='ltr'><strong>utrimque</strong></span> <span class='ocrx_word' id='word_1_42' title='bbox 397 861 642 939; x_wconf 86' lang='lat' dir='ltr'><strong>procurrentibus</strong></span> <span class='ocrx_word' id='word_1_43' title='bbox 669 861 749 923; x_wconf 90' lang='lat' dir='ltr'><strong>inter</strong></span> <span class='ocrx_word' id='word_1_44' title='bbox 775 861 847 923; x_wconf 91' lang='lat' dir='ltr'><strong>bina</strong></span> <span class='ocrx_word' id='word_1_45' title='bbox 869 869 970 922; x_wconf 85' lang='lat' dir='ltr'><strong>castra</strong></span> <span class='ocrx_word' id='word_1_46' title='bbox 996 860 1108 940; x_wconf 92' lang='lat' dir='ltr'><strong>palude</strong></span> <span class='ocrx_word' id='word_1_47' title='bbox 1134 860 1235 921; x_wconf 90' lang='lat' dir='ltr'><strong>inter-.</strong></span> 
     </span>
     <span class='ocr_line' id='line_1_8' title="bbox 216 947 1235 1029; baseline 0.001 -18"><span class='ocrx_word' id='word_1_48' title='bbox 216 947 295 1011; x_wconf 89' lang='lat' dir='ltr'><strong>iecta</strong></span> <span class='ocrx_word' id='word_1_49' title='bbox 317 948 569 1020; x_wconf 82' lang='lat' dir='ltr'><strong>contendebatur3</strong></span> <span class='ocrx_word' id='word_1_50' title='bbox 603 967 692 1029; x_wconf 88' lang='lat' dir='ltr'><strong>quarn</strong></span> <span class='ocrx_word' id='word_1_51' title='bbox 721 956 823 1009; x_wconf 89' lang='lat' dir='ltr'><strong>tamen</strong></span> <span class='ocrx_word' id='word_1_52' title='bbox 844 947 985 1027; x_wconf 82' lang='lat' dir='ltr'><strong>paludem</strong></span> <span class='ocrx_word' id='word_1_53' title='bbox 1007 964 1235 1026; x_wconf 86' lang='lat' dir='ltr'><strong>nonnumquam</strong></span> 
     </span>
     <span class='ocr_line' id='line_1_9' title="bbox 217 1032 1237 1113; baseline -0.004 -17"><span class='ocrx_word' id='word_1_54' title='bbox 217 1041 271 1096; x_wconf 84' lang='lat' dir='ltr'><strong>aut</strong></span> <span class='ocrx_word' id='word_1_55' title='bbox 303 1042 408 1108; x_wconf 80' lang='lat' dir='ltr'><strong>nostra</strong></span> <span class='ocrx_word' id='word_1_56' title='bbox 441 1033 556 1095; x_wconf 85' lang='lat' dir='ltr'><strong>auxilia</strong></span> <span class='ocrx_word' id='word_1_57' title='bbox 583 1033 739 1096; x_wconf 86' lang='lat' dir='ltr'><strong>Gallorum</strong></span> <span class='ocrx_word' id='word_1_58' title='bbox 762 1032 1041 1113; x_wconf 87' lang='lat' dir='ltr'><strong>Germanommque</strong></span> <span class='ocrx_word' id='word_1_59' title='bbox 1061 1033 1237 1093; x_wconf 89' lang='lat' dir='ltr'><strong>transibant</strong></span> 
     </span>
     <span class='ocr_line' id='line_1_10' title="bbox 217 1118 1235 1200; baseline -0.003 -18"><span class='ocrx_word' id='word_1_60' title='bbox 217 1118 372 1199; x_wconf 87' lang='lat' dir='ltr'><strong>acriusque</strong></span> <span class='ocrx_word' id='word_1_61' title='bbox 393 1119 498 1180; x_wconf 89' lang='lat' dir='ltr'><strong>hostes</strong></span> <span class='ocrx_word' id='word_1_62' title='bbox 519 1119 762 1200; x_wconf 88' lang='lat' dir='ltr'><strong>insequebantur,</strong></span> <span class='ocrx_word' id='word_1_63' title='bbox 785 1129 839 1181; x_wconf 89' lang='lat' dir='ltr'><strong>aut</strong></span> <span class='ocrx_word' id='word_1_64' title='bbox 859 1120 993 1181; x_wconf 91' lang='lat' dir='ltr'><strong>vicissim</strong></span> <span class='ocrx_word' id='word_1_65' title='bbox 1008 1119 1112 1180; x_wconf 86' lang='lat' dir='ltr'><strong>hostes</strong></span> <span class='ocrx_word' id='word_1_66' title='bbox 1129 1119 1235 1180; x_wconf 89' lang='lat' dir='ltr'><strong>eadem</strong></span> 
     </span>
    </p>

    <p class='ocr_par' dir='ltr' id='par_1_4' title="bbox 174 1204 1236 1631">
     <span class='ocr_line' id='line_1_11' title="bbox 174 1204 1235 1286; baseline -0.004 -18"><span class='ocrx_word' id='word_1_67' title='bbox 174 1229 203 1271; x_wconf 82' lang='lat' dir='ltr'><strong>rc</strong></span> <span class='ocrx_word' id='word_1_68' title='bbox 217 1204 401 1286; x_wconf 84' lang='lat' dir='ltr'><strong>transgressi</strong></span> <span class='ocrx_word' id='word_1_69' title='bbox 423 1214 542 1266; x_wconf 90' lang='lat' dir='ltr'><strong>nostros</strong></span> <span class='ocrx_word' id='word_1_70' title='bbox 565 1206 681 1286; x_wconf 87' lang='lat' dir='ltr'><strong>longius</strong></span> <span class='ocrx_word' id='word_1_71' title='bbox 705 1207 943 1267; x_wconf 86' lang='lat' dir='ltr'><strong>summovebant</strong></span> <span class='ocrx_word' id='word_1_72' title='bbox 986 1204 1156 1266; x_wconf 83' lang='lat' dir='ltr'><strong>Accidebat</strong></span> <span class='ocrx_word' id='word_1_73' title='bbox 1177 1223 1235 1266; x_wconf 60' lang='lat' dir='ltr'><strong>aue</strong></span> 
     </span>
     <span class='ocr_line' id='line_1_12' title="bbox 218 1291 1236 1372; baseline -0.001 -19"><span class='ocrx_word' id='word_1_74' title='bbox 218 1301 278 1354; x_wconf 91' lang='lat' dir='ltr'><strong>tem</strong></span> <span class='ocrx_word' id='word_1_75' title='bbox 301 1291 482 1372; x_wconf 87' lang='lat' dir='ltr'><strong>quotidianis</strong></span> <span class='ocrx_word' id='word_1_76' title='bbox 504 1293 764 1371; x_wconf 88' lang='lat' dir='ltr'><strong>pabulationibus,</strong></span> <span class='ocrx_word' id='word_1_77' title='bbox 786 1293 818 1364; x_wconf 88' lang='lat' dir='ltr'><strong>id</strong></span> <span class='ocrx_word' id='word_1_78' title='bbox 839 1294 920 1372; x_wconf 92' lang='lat' dir='ltr'><strong>quod</strong></span> <span class='ocrx_word' id='word_1_79' title='bbox 942 1292 1075 1354; x_wconf 89' lang='lat' dir='ltr'><strong>accidere</strong></span> <span class='ocrx_word' id='word_1_80' title='bbox 1098 1299 1166 1352; x_wconf 89' lang='lat' dir='ltr'><strong>erat</strong></span> <span class='ocrx_word' id='word_1_81' title='bbox 1179 1310 1236 1352; x_wconf 90' lang='lat' dir='ltr'><strong>ne-.</strong></span> 
     </span>
     <span class='ocr_line' id='line_1_13' title="bbox 218 1376 1235 1458; baseline -0.001 -19"><span class='ocrx_word' id='word_1_82' title='bbox 218 1396 318 1451; x_wconf 89' lang='lat' dir='ltr'><strong>cesse,</strong></span> <span class='ocrx_word' id='word_1_83' title='bbox 352 1396 416 1439; x_wconf 92' lang='lat' dir='ltr'><strong>cum</strong></span> <span class='ocrx_word' id='word_1_84' title='bbox 444 1378 521 1439; x_wconf 90' lang='lat' dir='ltr'><strong>raris</strong></span> <span class='ocrx_word' id='word_1_85' title='bbox 549 1378 738 1458; x_wconf 90' lang='lat' dir='ltr'><strong>disiectisque</strong></span> <span class='ocrx_word' id='word_1_86' title='bbox 766 1398 804 1454; x_wconf 82' lang='lat' dir='ltr'><strong>ex</strong></span> <span class='ocrx_word' id='word_1_87' title='bbox 829 1378 971 1440; x_wconf 89' lang='lat' dir='ltr'><strong>aediliciis</strong></span> <span class='ocrx_word' id='word_1_88' title='bbox 992 1376 1136 1458; x_wconf 90' lang='lat' dir='ltr'><strong>pabulum</strong></span> <span class='ocrx_word' id='word_1_89' title='bbox 1160 1396 1235 1438; x_wconf 90' lang='lat' dir='ltr'><strong>con-</strong></span> 
     </span>
     <span class='ocr_line' id='line_1_14' title="bbox 218 1463 1235 1546; baseline -0.001 -21"><span class='ocrx_word' id='word_1_90' title='bbox 218 1465 395 1546; x_wconf 89' lang='lat' dir='ltr'><strong>quireretur,</strong></span> <span class='ocrx_word' id='word_1_91' title='bbox 418 1472 453 1524; x_wconf 91' lang='lat' dir='ltr'><strong>ut</strong></span> <span class='ocrx_word' id='word_1_92' title='bbox 474 1464 625 1544; x_wconf 90' lang='lat' dir='ltr'><strong>impeditis</strong></span> <span class='ocrx_word' id='word_1_93' title='bbox 648 1465 721 1526; x_wconf 89' lang='lat' dir='ltr'><strong>locis</strong></span> <span class='ocrx_word' id='word_1_94' title='bbox 745 1465 873 1544; x_wconf 88' lang='lat' dir='ltr'><strong>dispersi</strong></span> <span class='ocrx_word' id='word_1_95' title='bbox 895 1464 1089 1544; x_wconf 90' lang='lat' dir='ltr'><strong>pabulatores</strong></span> <span class='ocrx_word' id='word_1_96' title='bbox 1106 1463 1235 1525; x_wconf 89' lang='lat' dir='ltr'><strong>circum-</strong></span> 
     </span>
     <span class='ocr_line' id='line_1_15' title="bbox 217 1549 1236 1631; baseline -0.002 -19"><span class='ocrx_word' id='word_1_97' title='bbox 217 1551 404 1623; x_wconf 89' lang='lat' dir='ltr'><strong>venirentur;</strong></span> <span class='ocrx_word' id='word_1_98' title='bbox 438 1570 514 1631; x_wconf 92' lang='lat' dir='ltr'><strong>quae</strong></span> <span class='ocrx_word' id='word_1_99' title='bbox 547 1570 595 1612; x_wconf 90' lang='lat' dir='ltr'><strong>res</strong></span> <span class='ocrx_word' id='word_1_100' title='bbox 629 1551 686 1612; x_wconf 89' lang='lat' dir='ltr'><strong>etsi</strong></span> <span class='ocrx_word' id='word_1_101' title='bbox 714 1551 861 1612; x_wconf 82' lang='lat' dir='ltr'><strong>mediocre</strong></span> <span class='ocrx_word' id='word_1_102' title='bbox 884 1551 1095 1612; x_wconf 84' lang='lat' dir='ltr'><strong>detrimentum</strong></span> <span class='ocrx_word' id='word_1_103' title='bbox 1116 1549 1236 1611; x_wconf 91' lang='lat' dir='ltr'><strong>inmen-.</strong></span> 
     </span>
    </p>

    <p class='ocr_par' dir='ltr' id='par_1_5' title="bbox 175 1635 1237 2064">
     <span class='ocr_line' id='line_1_16' title="bbox 175 1635 1235 1717; baseline -0.005 -16"><span class='ocrx_word' id='word_1_104' title='bbox 175 1663 202 1715; x_wconf 75' lang='lat' dir='ltr'><strong>re</strong></span> <span class='ocrx_word' id='word_1_105' title='bbox 218 1647 318 1701; x_wconf 90' lang='lat' dir='ltr'><strong>torum</strong></span> <span class='ocrx_word' id='word_1_106' title='bbox 341 1656 376 1698; x_wconf 91' lang='lat' dir='ltr'><strong>ac</strong></span> <span class='ocrx_word' id='word_1_107' title='bbox 398 1656 553 1698; x_wconf 90' lang='lat' dir='ltr'><strong>servorum</strong></span> <span class='ocrx_word' id='word_1_108' title='bbox 575 1637 688 1698; x_wconf 90' lang='lat' dir='ltr'><strong>nostris</strong></span> <span class='ocrx_word' id='word_1_109' title='bbox 711 1639 883 1710; x_wconf 74' lang='lat' dir='ltr'><strong>adferebat,</strong></span> <span class='ocrx_word' id='word_1_110' title='bbox 906 1647 1009 1698; x_wconf 84' lang='lat' dir='ltr'><strong>tamen</strong></span> <span class='ocrx_word' id='word_1_111' title='bbox 1026 1636 1137 1697; x_wconf 86' lang='lat' dir='ltr'><strong>stultas</strong></span> <span class='ocrx_word' id='word_1_112' title='bbox 1152 1635 1235 1717; x_wconf 87' lang='lat' dir='ltr'><strong>cogi-</strong></span> 
     </span>
     <span class='ocr_line' id='line_1_17' title="bbox 219 1722 1236 1804; baseline -0.001 -19"><span class='ocrx_word' id='word_1_113' title='bbox 219 1723 350 1786; x_wconf 88' lang='lat' dir='ltr'><strong>tationes</strong></span> <span class='ocrx_word' id='word_1_114' title='bbox 382 1722 530 1785; x_wconf 88' lang='lat' dir='ltr'><strong>incitabat</strong></span> <span class='ocrx_word' id='word_1_115' title='bbox 560 1724 775 1798; x_wconf 90' lang='lat' dir='ltr'><strong>barbarorum,</strong></span> <span class='ocrx_word' id='word_1_116' title='bbox 814 1732 905 1803; x_wconf 90' lang='lat' dir='ltr'><strong>atque</strong></span> <span class='ocrx_word' id='word_1_117' title='bbox 938 1742 971 1785; x_wconf 92' lang='lat' dir='ltr'><strong>eo</strong></span> <span class='ocrx_word' id='word_1_118' title='bbox 1005 1722 1116 1803; x_wconf 87' lang='lat' dir='ltr'><strong>magis,</strong></span> <span class='ocrx_word' id='word_1_119' title='bbox 1157 1722 1236 1804; x_wconf 92' lang='lat' dir='ltr'><strong>quod</strong></span> 
     </span>
     <span class='ocr_line' id='line_1_18' title="bbox 219 1808 1237 1890; baseline -0.002 -19"><span class='ocrx_word' id='word_1_120' title='bbox 219 1809 388 1884; x_wconf 85' lang='lat' dir='ltr'><strong>Commius,</strong></span> <span class='ocrx_word' id='word_1_121' title='bbox 423 1829 511 1890; x_wconf 92' lang='lat' dir='ltr'><strong>quem</strong></span> <span class='ocrx_word' id='word_1_122' title='bbox 538 1811 704 1890; x_wconf 84' lang='lat' dir='ltr'><strong>proiectum</strong></span> <span class='ocrx_word' id='word_1_123' title='bbox 731 1811 771 1872; x_wconf 93' lang='lat' dir='ltr'><strong>ad</strong></span> <span class='ocrx_word' id='word_1_124' title='bbox 799 1809 912 1871; x_wconf 88' lang='lat' dir='ltr'><strong>auxilia</strong></span> <span class='ocrx_word' id='word_1_125' title='bbox 938 1808 1158 1882; x_wconf 83' lang='lat' dir='ltr'><strong>Germanorum</strong></span> <span class='ocrx_word' id='word_1_126' title='bbox 1185 1827 1237 1870; x_wconf 85' lang='lat' dir='ltr'><strong>ar-.</strong></span> 
     </span>
     <span class='ocr_line' id='line_1_19' title="bbox 220 1890 1235 1978; baseline -0.001 -21"><span class='ocrx_word' id='word_1_127' title='bbox 220 1898 365 1957; x_wconf 89' lang='lat' dir='ltr'><strong>cessenda</strong></span> <span class='ocrx_word' id='word_1_128' title='bbox 387 1896 487 1969; x_wconf 90' lang='lat' dir='ltr'><strong>docui,</strong></span> <span class='ocrx_word' id='word_1_129' title='bbox 520 1915 586 1958; x_wconf 89' lang='lat' dir='ltr'><strong>cum</strong></span> <span class='ocrx_word' id='word_1_130' title='bbox 614 1897 763 1978; x_wconf 88' lang='lat' dir='ltr'><strong>equitibus</strong></span> <span class='ocrx_word' id='word_1_131' title='bbox 785 1904 924 1970; x_wconf 81' lang='lat' dir='ltr'><strong>venerat3</strong></span> <span class='ocrx_word' id='word_1_132' title='bbox 958 1890 1018 1976; x_wconf 85' lang='lat' dir='ltr'><strong>qui¹</strong></span> <span class='ocrx_word' id='word_1_133' title='bbox 1032 1894 1155 1956; x_wconf 89' lang='lat' dir='ltr'><strong>tametsi</strong></span> <span class='ocrx_word' id='word_1_134' title='bbox 1176 1914 1235 1956; x_wconf 93' lang='lat' dir='ltr'><strong>nu-</strong></span> 
     </span>
     <span class='ocr_line' id='line_1_20' title="bbox 219 1980 1237 2064; baseline 0.001 -22"><span class='ocrx_word' id='word_1_135' title='bbox 219 2001 300 2042; x_wconf 90' lang='lat' dir='ltr'><strong>mero</strong></span> <span class='ocrx_word' id='word_1_136' title='bbox 328 2001 388 2043; x_wconf 92' lang='lat' dir='ltr'><strong>non</strong></span> <span class='ocrx_word' id='word_1_137' title='bbox 416 1982 544 2062; x_wconf 88' lang='lat' dir='ltr'><strong>amplius</strong></span> <span class='ocrx_word' id='word_1_138' title='bbox 572 1992 659 2045; x_wconf 92' lang='lat' dir='ltr'><strong>erant</strong></span> <span class='ocrx_word' id='word_1_139' title='bbox 687 1982 855 2064; x_wconf 86' lang='lat' dir='ltr'><strong>quingenti,</strong></span> <span class='ocrx_word' id='word_1_140' title='bbox 888 1990 991 2044; x_wconf 89' lang='lat' dir='ltr'><strong>tamen</strong></span> <span class='ocrx_word' id='word_1_141' title='bbox 1016 1980 1237 2053; x_wconf 88' lang='lat' dir='ltr'><strong>Germanorum</strong></span> 
     </span>
    </p>

    <p class='ocr_par' dir='ltr' id='par_1_6' title="bbox 176 2069 702 2148">
     <span class='ocr_line' id='line_1_21' title="bbox 176 2069 702 2148; baseline 0 -17"><span class='ocrx_word' id='word_1_142' title='bbox 176 2093 206 2146; x_wconf 72' lang='lat' dir='ltr'><strong>qo</strong></span> <span class='ocrx_word' id='word_1_143' title='bbox 222 2069 354 2129; x_wconf 90' lang='lat' dir='ltr'><strong>adventu</strong></span> <span class='ocrx_word' id='word_1_144' title='bbox 376 2069 498 2130; x_wconf 90' lang='lat' dir='ltr'><strong>barbari</strong></span> <span class='ocrx_word' id='word_1_145' title='bbox 520 2069 702 2148; x_wconf 85' lang='lat' dir='ltr'><strong>nitebantur.</strong></span> 
     </span>
    </p>

    <p class='ocr_par' dir='ltr' id='par_1_7' title="bbox 179 2153 1239 2492">
     <span class='ocr_line' id='line_1_22' title="bbox 179 2153 1238 2234; baseline 0.006 -25"><span class='ocrx_word' id='word_1_146' title='bbox 179 2160 209 2224; x_wconf 70' lang='lat'><strong>11</strong></span> <span class='ocrx_word' id='word_1_147' title='bbox 285 2153 399 2215; x_wconf 82' lang='lat' dir='ltr'><strong>Caesar</strong></span> <span class='ocrx_word' id='word_1_148' title='bbox 432 2174 499 2215; x_wconf 92' lang='lat' dir='ltr'><strong>cum</strong></span> <span class='ocrx_word' id='word_1_149' title='bbox 531 2155 785 2217; x_wconf 90' lang='lat' dir='ltr'><strong>animadverteret</strong></span> <span class='ocrx_word' id='word_1_150' title='bbox 820 2155 939 2216; x_wconf 91' lang='lat' dir='ltr'><strong>hostem</strong></span> <span class='ocrx_word' id='word_1_151' title='bbox 971 2154 1139 2234; x_wconf 74' lang='lat' dir='ltr'><strong>complures</strong></span> <span class='ocrx_word' id='word_1_152' title='bbox 1172 2153 1238 2215; x_wconf 86' lang='lat' dir='ltr'><strong>dies</strong></span> 
     </span>
     <span class='ocr_line' id='line_1_23' title="bbox 221 2239 1239 2320; baseline 0 -20"><span class='ocrx_word' id='word_1_153' title='bbox 221 2239 328 2301; x_wconf 91' lang='lat' dir='ltr'><strong>castris</strong></span> <span class='ocrx_word' id='word_1_154' title='bbox 350 2240 459 2320; x_wconf 90' lang='lat' dir='ltr'><strong>palude</strong></span> <span class='ocrx_word' id='word_1_155' title='bbox 482 2248 512 2301; x_wconf 90' lang='lat' dir='ltr'><strong>et</strong></span> <span class='ocrx_word' id='word_1_156' title='bbox 534 2241 590 2302; x_wconf 91' lang='lat' dir='ltr'><strong>loci</strong></span> <span class='ocrx_word' id='word_1_157' title='bbox 612 2251 722 2303; x_wconf 90' lang='lat' dir='ltr'><strong>natura</strong></span> <span class='ocrx_word' id='word_1_158' title='bbox 745 2241 865 2303; x_wconf 89' lang='lat' dir='ltr'><strong>munitis</strong></span> <span class='ocrx_word' id='word_1_159' title='bbox 888 2259 920 2301; x_wconf 89' lang='lat' dir='ltr'><strong>se</strong></span> <span class='ocrx_word' id='word_1_160' title='bbox 942 2247 1046 2302; x_wconf 87' lang='lat' dir='ltr'><strong>tenere</strong></span> <span class='ocrx_word' id='word_1_161' title='bbox 1068 2258 1165 2319; x_wconf 91' lang='lat' dir='ltr'><strong>neque</strong></span> <span class='ocrx_word' id='word_1_162' title='bbox 1180 2257 1239 2319; x_wconf 63' lang='lat' dir='ltr'><strong>ope</strong></span> 
     </span>
     <span class='ocr_line' id='line_1_24' title="bbox 220 2324 1239 2406; baseline -0.002 -20"><span class='ocrx_word' id='word_1_163' title='bbox 220 2326 348 2406; x_wconf 84' lang='lat' dir='ltr'><strong>pugnari</strong></span> <span class='ocrx_word' id='word_1_164' title='bbox 375 2335 475 2387; x_wconf 90' lang='lat' dir='ltr'><strong>castra</strong></span> <span class='ocrx_word' id='word_1_165' title='bbox 497 2345 598 2388; x_wconf 91' lang='lat' dir='ltr'><strong>eorum</strong></span> <span class='ocrx_word' id='word_1_166' title='bbox 622 2327 686 2389; x_wconf 90' lang='lat' dir='ltr'><strong>sine</strong></span> <span class='ocrx_word' id='word_1_167' title='bbox 709 2327 898 2389; x_wconf 80' lang='lat' dir='ltr'><strong>dimicatione</strong></span> <span class='ocrx_word' id='word_1_168' title='bbox 924 2325 1091 2406; x_wconf 87' lang='lat' dir='ltr'><strong>perniciosa</strong></span> <span class='ocrx_word' id='word_1_169' title='bbox 1112 2344 1168 2387; x_wconf 91' lang='lat' dir='ltr'><strong>nec</strong></span> <span class='ocrx_word' id='word_1_170' title='bbox 1188 2324 1239 2386; x_wconf 82' lang='lat' dir='ltr'><strong>lo-.</strong></span> 
     </span>
     <span class='ocr_line' id='line_1_25' title="bbox 222 2412 1239 2492; baseline -0.001 -19"><span class='ocrx_word' id='word_1_171' title='bbox 222 2431 288 2474; x_wconf 84' lang='lat' dir='ltr'><strong>cum</strong></span> <span class='ocrx_word' id='word_1_172' title='bbox 321 2412 536 2474; x_wconf 90' lang='lat' dir='ltr'><strong>munitionibus</strong></span> <span class='ocrx_word' id='word_1_173' title='bbox 569 2413 667 2475; x_wconf 93' lang='lat' dir='ltr'><strong>claudi</strong></span> <span class='ocrx_word' id='word_1_174' title='bbox 699 2413 758 2474; x_wconf 88' lang='lat' dir='ltr'><strong>nisi</strong></span> <span class='ocrx_word' id='word_1_175' title='bbox 785 2433 805 2475; x_wconf 88' lang='lat' dir='ltr'><strong>a</strong></span> <span class='ocrx_word' id='word_1_176' title='bbox 831 2413 944 2475; x_wconf 90' lang='lat' dir='ltr'><strong>maiore</strong></span> <span class='ocrx_word' id='word_1_177' title='bbox 974 2412 1105 2474; x_wconf 81' lang='lat' dir='ltr'><strong>exercitu</strong></span> <span class='ocrx_word' id='word_1_178' title='bbox 1130 2430 1239 2492; x_wconf 72' lang='lat' dir='ltr'><strong>posse,</strong></span> 
     </span>
    </p>

    <p class='ocr_par' dir='ltr' id='par_1_8' title="bbox 178 2498 1243 2925">
     <span class='ocr_line' id='line_1_26' title="bbox 178 2498 1241 2579; baseline 0 -21"><span class='ocrx_word' id='word_1_179' title='bbox 178 2523 206 2577; x_wconf 62' lang='lat' dir='ltr'><strong>gs</strong></span> <span class='ocrx_word' id='word_1_180' title='bbox 221 2498 338 2560; x_wconf 87' lang='lat' dir='ltr'><strong>litteras</strong></span> <span class='ocrx_word' id='word_1_181' title='bbox 367 2500 406 2560; x_wconf 92' lang='lat' dir='ltr'><strong>ad</strong></span> <span class='ocrx_word' id='word_1_182' title='bbox 435 2498 617 2560; x_wconf 88' lang='lat' dir='ltr'><strong>Trebonium</strong></span> <span class='ocrx_word' id='word_1_183' title='bbox 640 2499 748 2574; x_wconf 92' lang='lat' dir='ltr'><strong>mittit,</strong></span> <span class='ocrx_word' id='word_1_184' title='bbox 781 2508 816 2561; x_wconf 90' lang='lat' dir='ltr'><strong>ut</strong></span> <span class='ocrx_word' id='word_1_185' title='bbox 843 2516 932 2579; x_wconf 90' lang='lat' dir='ltr'><strong>quam</strong></span> <span class='ocrx_word' id='word_1_186' title='bbox 960 2498 1113 2561; x_wconf 90' lang='lat' dir='ltr'><strong>celerrime</strong></span> <span class='ocrx_word' id='word_1_187' title='bbox 1136 2506 1241 2577; x_wconf 86' lang='lat' dir='ltr'><strong>posset</strong></span> 
     </span>
     <span class='ocr_line' id='line_1_27' title="bbox 221 2583 1240 2665; baseline -0.001 -19"><span class='ocrx_word' id='word_1_188' title='bbox 221 2584 369 2664; x_wconf 89' lang='lat' dir='ltr'><strong>legionem</strong></span> <span class='ocrx_word' id='word_1_189' title='bbox 390 2600 472 2656; x_wconf 85' lang='lat' dir='ltr'><strong>xm,</strong></span> <span class='ocrx_word' id='word_1_190' title='bbox 502 2604 578 2665; x_wconf 90' lang='lat' dir='ltr'><strong>quae</strong></span> <span class='ocrx_word' id='word_1_191' title='bbox 601 2604 667 2646; x_wconf 90' lang='lat' dir='ltr'><strong>cum</strong></span> <span class='ocrx_word' id='word_1_192' title='bbox 694 2585 729 2646; x_wconf 80' lang='grc' dir='ltr'><strong>Τ.</strong></span> <span class='ocrx_word' id='word_1_193' title='bbox 753 2584 856 2647; x_wconf 87' lang='lat' dir='ltr'><strong>Sextio</strong></span> <span class='ocrx_word' id='word_1_194' title='bbox 879 2585 979 2665; x_wconf 89' lang='lat' dir='ltr'><strong>legato</strong></span> <span class='ocrx_word' id='word_1_195' title='bbox 1000 2585 1033 2647; x_wconf 92' lang='lat' dir='ltr'><strong>in</strong></span> <span class='ocrx_word' id='word_1_196' title='bbox 1053 2583 1240 2665; x_wconf 88' lang='lat' dir='ltr'><strong>Biturigibus</strong></span> 
     </span>
     <span class='ocr_line' id='line_1_28' title="bbox 221 2670 1242 2753; baseline 0 -22"><span class='ocrx_word' id='word_1_197' title='bbox 221 2671 390 2741; x_wconf 87' lang='lat' dir='ltr'><strong>hiemabat,</strong></span> <span class='ocrx_word' id='word_1_198' title='bbox 414 2680 578 2748; x_wconf 85' lang='lat' dir='ltr'><strong>arcesseret</strong></span> <span class='ocrx_word' id='word_1_199' title='bbox 600 2679 690 2751; x_wconf 91' lang='lat' dir='ltr'><strong>atque</strong></span> <span class='ocrx_word' id='word_1_200' title='bbox 711 2672 756 2733; x_wconf 92' lang='lat' dir='ltr'><strong>ita</strong></span> <span class='ocrx_word' id='word_1_201' title='bbox 778 2691 843 2734; x_wconf 93' lang='lat' dir='ltr'><strong>cum</strong></span> <span class='ocrx_word' id='word_1_202' title='bbox 858 2671 955 2733; x_wconf 84' lang='lat' dir='ltr'><strong>tribus</strong></span> <span class='ocrx_word' id='word_1_203' title='bbox 972 2670 1138 2753; x_wconf 85' lang='lat' dir='ltr'><strong>legionibus</strong></span> <span class='ocrx_word' id='word_1_204' title='bbox 1152 2689 1242 2751; x_wconf 69' lang='lat' dir='ltr'><strong>mag÷¹</strong></span> 
     </span>
     <span class='ocr_line' id='line_1_29' title="bbox 222 2755 1243 2839; baseline 0.002 -22"><span class='ocrx_word' id='word_1_205' title='bbox 222 2755 270 2829; x_wconf 84' lang='lat' dir='ltr'><strong>nis</strong></span> <span class='ocrx_word' id='word_1_206' title='bbox 302 2756 459 2818; x_wconf 90' lang='lat' dir='ltr'><strong>itineribus</strong></span> <span class='ocrx_word' id='word_1_207' title='bbox 488 2758 527 2818; x_wconf 91' lang='lat' dir='ltr'><strong>ad</strong></span> <span class='ocrx_word' id='word_1_208' title='bbox 555 2777 587 2819; x_wconf 87' lang='lat' dir='ltr'><strong>se</strong></span> <span class='ocrx_word' id='word_1_209' title='bbox 614 2758 747 2832; x_wconf 91' lang='lat' dir='ltr'><strong>veniret;</strong></span> <span class='ocrx_word' id='word_1_210' title='bbox 780 2758 845 2839; x_wconf 90' lang='lat' dir='ltr'><strong>ipse</strong></span> <span class='ocrx_word' id='word_1_211' title='bbox 867 2757 982 2838; x_wconf 88' lang='lat' dir='ltr'><strong>equites</strong></span> <span class='ocrx_word' id='word_1_212' title='bbox 1004 2759 1036 2819; x_wconf 91' lang='lat' dir='ltr'><strong>in</strong></span> <span class='ocrx_word' id='word_1_213' title='bbox 1056 2757 1153 2819; x_wconf 92' lang='lat' dir='ltr'><strong>vicem</strong></span> <span class='ocrx_word' id='word_1_214' title='bbox 1175 2756 1243 2819; x_wconf 61' lang='lat' dir='ltr'><strong>aa</strong></span> 
     </span>
     <span class='ocr_line' id='line_1_30' title="bbox 221 2842 1241 2925; baseline 0 -21"><span class='ocrx_word' id='word_1_215' title='bbox 221 2862 339 2904; x_wconf 90' lang='lat' dir='ltr'><strong>morum</strong></span> <span class='ocrx_word' id='word_1_216' title='bbox 371 2862 407 2904; x_wconf 90' lang='lat' dir='ltr'><strong>ac</strong></span> <span class='ocrx_word' id='word_1_217' title='bbox 437 2842 605 2924; x_wconf 89' lang='lat' dir='ltr'><strong>Lingonum</strong></span> <span class='ocrx_word' id='word_1_218' title='bbox 638 2844 878 2925; x_wconf 89' lang='lat' dir='ltr'><strong>reliquammque</strong></span> <span class='ocrx_word' id='word_1_219' title='bbox 911 2843 1082 2916; x_wconf 88' lang='lat' dir='ltr'><strong>civitatum,</strong></span> <span class='ocrx_word' id='word_1_220' title='bbox 1116 2861 1241 2923; x_wconf 88' lang='lat' dir='ltr'><strong>quorum</strong></span> 
     </span>
    </p>

    <p class='ocr_par' dir='ltr' id='par_1_9' title="bbox 180 2929 1244 3095">
     <span class='ocr_line' id='line_1_31' title="bbox 180 2929 1244 3011; baseline 0.002 -17"><span class='ocrx_word' id='word_1_221' title='bbox 180 2955 209 2994; x_wconf 85' lang='lat' dir='ltr'><strong>ao</strong></span> <span class='ocrx_word' id='word_1_222' title='bbox 224 2948 365 3009; x_wconf 88' lang='lat' dir='ltr'><strong>magnum</strong></span> <span class='ocrx_word' id='word_1_223' title='bbox 397 2949 551 2991; x_wconf 90' lang='lat' dir='ltr'><strong>numerum</strong></span> <span class='ocrx_word' id='word_1_224' title='bbox 585 2939 777 3005; x_wconf 87' lang='lat' dir='ltr'><strong>evocaverat,</strong></span> <span class='ocrx_word' id='word_1_225' title='bbox 811 2930 962 3011; x_wconf 89' lang='lat' dir='ltr'><strong>praesidio</strong></span> <span class='ocrx_word' id='word_1_226' title='bbox 994 2929 1244 3011; x_wconf 69' lang='lat' dir='ltr'><strong>pabulationibus</strong></span> 
     </span>
     <span class='ocr_line' id='line_1_32' title="bbox 223 3015 1118 3095; baseline 0 -19"><span class='ocrx_word' id='word_1_227' title='bbox 223 3015 332 3088; x_wconf 89' lang='lat' dir='ltr'><strong>mittit,</strong></span> <span class='ocrx_word' id='word_1_228' title='bbox 356 3015 405 3095; x_wconf 93' lang='lat' dir='ltr'><strong>qui</strong></span> <span class='ocrx_word' id='word_1_229' title='bbox 428 3016 544 3077; x_wconf 88' lang='lat' dir='ltr'><strong>subitas</strong></span> <span class='ocrx_word' id='word_1_230' title='bbox 567 3016 750 3079; x_wconf 88' lang='lat' dir='ltr'><strong>incursiones</strong></span> <span class='ocrx_word' id='word_1_231' title='bbox 772 3017 904 3080; x_wconf 88' lang='lat' dir='ltr'><strong>hostium</strong></span> <span class='ocrx_word' id='word_1_232' title='bbox 926 3017 1118 3085; x_wconf 78' lang='lat' dir='ltr'><strong>sustinerent</strong></span> 
     </span>
    </p>

    <p class='ocr_par' dir='ltr' id='par_1_10' title="bbox 183 3099 1244 3356">
     <span class='ocr_line' id='line_1_33' title="bbox 183 3099 1244 3183; baseline 0.003 -25"><span class='ocrx_word' id='word_1_233' title='bbox 183 3108 216 3158; x_wconf 79' lang='lat'><strong>12</strong></span> <span class='ocrx_word' id='word_1_234' title='bbox 289 3099 379 3171; x_wconf 82' lang='lat' dir='ltr'><strong>Quod</strong></span> <span class='ocrx_word' id='word_1_235' title='bbox 412 3121 478 3164; x_wconf 93' lang='lat' dir='ltr'><strong>cum</strong></span> <span class='ocrx_word' id='word_1_236' title='bbox 515 3103 647 3183; x_wconf 92' lang='lat' dir='ltr'><strong>quotidie</strong></span> <span class='ocrx_word' id='word_1_237' title='bbox 679 3104 764 3165; x_wconf 87' lang='lat' dir='ltr'><strong>fieret</strong></span> <span class='ocrx_word' id='word_1_238' title='bbox 790 3123 827 3165; x_wconf 89' lang='lat' dir='ltr'><strong>ac</strong></span> <span class='ocrx_word' id='word_1_239' title='bbox 852 3104 913 3164; x_wconf 87' lang='lat' dir='ltr'><strong>ianr</strong></span> <span class='ocrx_word' id='word_1_240' title='bbox 935 3102 1149 3164; x_wconf 88' lang='lat' dir='ltr'><strong>consuetudine</strong></span> <span class='ocrx_word' id='word_1_241' title='bbox 1171 3100 1244 3162; x_wconf 88' lang='lat' dir='ltr'><strong>dili-.</strong></span> 
     </span>
     <span class='ocr_line' id='line_1_34' title="bbox 224 3187 1244 3270; baseline -0.001 -21"><span class='ocrx_word' id='word_1_242' title='bbox 224 3189 326 3267; x_wconf 79' lang='lat' dir='ltr'><strong>gentia</strong></span> <span class='ocrx_word' id='word_1_243' title='bbox 358 3189 547 3264; x_wconf 92' lang='lat' dir='ltr'><strong>minueretur,</strong></span> <span class='ocrx_word' id='word_1_244' title='bbox 581 3191 662 3270; x_wconf 93' lang='lat' dir='ltr'><strong>quod</strong></span> <span class='ocrx_word' id='word_1_245' title='bbox 693 3190 866 3270; x_wconf 83' lang='lat' dir='ltr'><strong>plerumque</strong></span> <span class='ocrx_word' id='word_1_246' title='bbox 893 3189 1001 3251; x_wconf 89' lang='lat' dir='ltr'><strong>accidit</strong></span> <span class='ocrx_word' id='word_1_247' title='bbox 1027 3187 1244 3267; x_wconf 83' lang='lat' dir='ltr'><strong>diuturnitate,</strong></span> 
     </span>
     <span class='ocr_line' id='line_1_35' title="bbox 224 3275 1243 3356; baseline -0.003 -19"><span class='ocrx_word' id='word_1_248' title='bbox 224 3275 377 3337; x_wconf 88' lang='lat' dir='ltr'><strong>Bellovaci</strong></span> <span class='ocrx_word' id='word_1_249' title='bbox 399 3275 515 3337; x_wconf 91' lang='lat' dir='ltr'><strong>delecta</strong></span> <span class='ocrx_word' id='word_1_250' title='bbox 535 3295 628 3338; x_wconf 90' lang='lat' dir='ltr'><strong>manu</strong></span> <span class='ocrx_word' id='word_1_251' title='bbox 649 3276 784 3356; x_wconf 91' lang='lat' dir='ltr'><strong>peditum</strong></span> <span class='ocrx_word' id='word_1_252' title='bbox 807 3275 932 3355; x_wconf 88' lang='lat' dir='ltr'><strong>cognitis</strong></span> <span class='ocrx_word' id='word_1_253' title='bbox 959 3275 1141 3337; x_wconf 88' lang='lat' dir='ltr'><strong>stationibus</strong></span> <span class='ocrx_word' id='word_1_254' title='bbox 1163 3292 1243 3354; x_wconf 90' lang='lat' dir='ltr'><strong>quo-</strong></span> 
     </span>
    </p>

    <p class='ocr_par' dir='ltr' id='par_1_11' title="bbox 181 3360 1246 3788">
     <span class='ocr_line' id='line_1_36' title="bbox 181 3360 1244 3442; baseline -0.003 -18"><span class='ocrx_word' id='word_1_255' title='bbox 181 3386 209 3425; x_wconf 80' lang='lat' dir='ltr'><strong>ae</strong></span> <span class='ocrx_word' id='word_1_256' title='bbox 224 3362 347 3424; x_wconf 89' lang='lat' dir='ltr'><strong>tidianis</strong></span> <span class='ocrx_word' id='word_1_257' title='bbox 376 3363 506 3442; x_wconf 91' lang='lat' dir='ltr'><strong>equitum</strong></span> <span class='ocrx_word' id='word_1_258' title='bbox 528 3372 697 3425; x_wconf 89' lang='lat' dir='ltr'><strong>nostrorum</strong></span> <span class='ocrx_word' id='word_1_259' title='bbox 721 3362 910 3424; x_wconf 89' lang='lat' dir='ltr'><strong>silvestribus</strong></span> <span class='ocrx_word' id='word_1_260' title='bbox 932 3362 1005 3425; x_wconf 90' lang='lat' dir='ltr'><strong>locis</strong></span> <span class='ocrx_word' id='word_1_261' title='bbox 1027 3361 1155 3423; x_wconf 87' lang='lat' dir='ltr'><strong>insidias</strong></span> <span class='ocrx_word' id='word_1_262' title='bbox 1178 3360 1244 3422; x_wconf 86' lang='lat' dir='ltr'><strong>dis-</strong></span> 
     </span>
     <span class='ocr_line' id='line_1_37' title="bbox 224 3447 1243 3529; baseline -0.003 -20"><span class='ocrx_word' id='word_1_263' title='bbox 224 3456 341 3528; x_wconf 90' lang='lat' dir='ltr'><strong>ponunt</strong></span> <span class='ocrx_word' id='word_1_264' title='bbox 363 3450 524 3529; x_wconf 91' lang='lat' dir='ltr'><strong>eodemque</strong></span> <span class='ocrx_word' id='word_1_265' title='bbox 546 3449 662 3528; x_wconf 91' lang='lat' dir='ltr'><strong>equites</strong></span> <span class='ocrx_word' id='word_1_266' title='bbox 683 3458 805 3529; x_wconf 90' lang='lat' dir='ltr'><strong>postero</strong></span> <span class='ocrx_word' id='word_1_267' title='bbox 821 3449 869 3510; x_wconf 91' lang='lat' dir='ltr'><strong>die</strong></span> <span class='ocrx_word' id='word_1_268' title='bbox 885 3447 1023 3521; x_wconf 90' lang='lat' dir='ltr'><strong>mittunt,</strong></span> <span class='ocrx_word' id='word_1_269' title='bbox 1046 3447 1098 3528; x_wconf 90' lang='lat' dir='ltr'><strong>qui</strong></span> <span class='ocrx_word' id='word_1_270' title='bbox 1111 3447 1243 3528; x_wconf 90' lang='lat' dir='ltr'><strong>primum</strong></span> 
     </span>
     <span class='ocr_line' id='line_1_38' title="bbox 226 3531 1245 3616; baseline -0.002 -21"><span class='ocrx_word' id='word_1_271' title='bbox 226 3534 364 3596; x_wconf 89' lang='lat' dir='ltr'><strong>elicerent</strong></span> <span class='ocrx_word' id='word_1_272' title='bbox 376 3545 505 3608; x_wconf 83' lang='lat' dir='ltr'><strong>nostroe,</strong></span> <span class='ocrx_word' id='word_1_273' title='bbox 529 3536 635 3597; x_wconf 91' lang='lat' dir='ltr'><strong>deinde</strong></span> <span class='ocrx_word' id='word_1_274' title='bbox 647 3536 864 3597; x_wconf 89' lang='lat' dir='ltr'><strong>circumventos</strong></span> <span class='ocrx_word' id='word_1_275' title='bbox 879 3537 1121 3616; x_wconf 89' lang='lat' dir='ltr'><strong>adgrederentur.</strong></span> <span class='ocrx_word' id='word_1_276' title='bbox 1150 3531 1245 3594; x_wconf 74' lang='lat' dir='ltr'><strong>(iuius</strong></span> 
     </span>
     <span class='ocr_line' id='line_1_39' title="bbox 225 3620 1245 3702; baseline 0 -22"><span class='ocrx_word' id='word_1_277' title='bbox 225 3621 297 3681; x_wconf 88' lang='lat' dir='ltr'><strong>mali</strong></span> <span class='ocrx_word' id='word_1_278' title='bbox 320 3639 384 3681; x_wconf 88' lang='lat' dir='ltr'><strong>sors</strong></span> <span class='ocrx_word' id='word_1_279' title='bbox 406 3621 511 3682; x_wconf 92' lang='lat' dir='ltr'><strong>incidit</strong></span> <span class='ocrx_word' id='word_1_280' title='bbox 532 3622 653 3695; x_wconf 90' lang='lat' dir='ltr'><strong>Remis,</strong></span> <span class='ocrx_word' id='word_1_281' title='bbox 682 3621 789 3702; x_wconf 89' lang='lat' dir='ltr'><strong>quibus</strong></span> <span class='ocrx_word' id='word_1_282' title='bbox 812 3620 862 3682; x_wconf 93' lang='lat' dir='ltr'><strong>ille</strong></span> <span class='ocrx_word' id='word_1_283' title='bbox 886 3622 948 3683; x_wconf 92' lang='lat' dir='ltr'><strong>dies</strong></span> <span class='ocrx_word' id='word_1_284' title='bbox 970 3620 1114 3701; x_wconf 84' lang='lat' dir='ltr'><strong>fungendi</strong></span> <span class='ocrx_word' id='word_1_285' title='bbox 1136 3638 1245 3681; x_wconf 90' lang='lat' dir='ltr'><strong>mune-</strong></span> 
     </span>
     <span class='ocr_line' id='line_1_40' title="bbox 225 3705 1246 3788; baseline -0.001 -21"><span class='ocrx_word' id='word_1_286' title='bbox 225 3705 267 3767; x_wconf 90' lang='lat' dir='ltr'><strong>ris</strong></span> <span class='ocrx_word' id='word_1_287' title='bbox 291 3708 464 3769; x_wconf 88' lang='lat' dir='ltr'><strong>obvenerat.</strong></span> <span class='ocrx_word' id='word_1_288' title='bbox 508 3708 647 3788; x_wconf 91' lang='lat' dir='ltr'><strong>Namque</strong></span> <span class='ocrx_word' id='word_1_289' title='bbox 669 3707 715 3782; x_wconf 93' lang='lat' dir='ltr'><strong>hi,</strong></span> <span class='ocrx_word' id='word_1_290' title='bbox 740 3726 805 3768; x_wconf 90' lang='lat' dir='ltr'><strong>cum</strong></span> <span class='ocrx_word' id='word_1_291' title='bbox 828 3716 951 3787; x_wconf 86' lang='lat' dir='ltr'><strong>repente</strong></span> <span class='ocrx_word' id='word_1_292' title='bbox 972 3707 1105 3768; x_wconf 89' lang='lat' dir='ltr'><strong>hostium</strong></span> <span class='ocrx_word' id='word_1_293' title='bbox 1128 3705 1246 3787; x_wconf 87' lang='lat' dir='ltr'><strong>equites</strong></span> 
     </span>
    </p>

    <p class='ocr_par' dir='ltr' id='par_1_12' title="bbox 182 3793 1246 3961">
     <span class='ocr_line' id='line_1_41' title="bbox 182 3793 1246 3873; baseline -0.003 -18"><span class='ocrx_word' id='word_1_294' title='bbox 182 3815 211 3855; x_wconf 75' lang='lat' dir='ltr'><strong>ro</strong></span> <span class='ocrx_word' id='word_1_295' title='bbox 226 3793 511 3855; x_wconf 87' lang='lat' dir='ltr'><strong>animadvertissent</strong></span> <span class='ocrx_word' id='word_1_296' title='bbox 545 3814 580 3856; x_wconf 91' lang='lat' dir='ltr'><strong>ac</strong></span> <span class='ocrx_word' id='word_1_297' title='bbox 613 3813 736 3855; x_wconf 90' lang='lat' dir='ltr'><strong>numero</strong></span> <span class='ocrx_word' id='word_1_298' title='bbox 764 3793 930 3871; x_wconf 90' lang='lat' dir='ltr'><strong>superiores</strong></span> <span class='ocrx_word' id='word_1_299' title='bbox 958 3794 1142 3873; x_wconf 88' lang='lat' dir='ltr'><strong>paucitatem</strong></span> <span class='ocrx_word' id='word_1_300' title='bbox 1169 3811 1246 3854; x_wconf 91' lang='lat' dir='ltr'><strong>con-</strong></span> 
     </span>
     <span class='ocr_line' id='line_1_42' title="bbox 226 3878 1245 3961; baseline 0.002 -22"><span class='ocrx_word' id='word_1_301' title='bbox 226 3880 436 3958; x_wconf 88' lang='lat' dir='ltr'><strong>tempsissent,</strong></span> <span class='ocrx_word' id='word_1_302' title='bbox 460 3881 596 3961; x_wconf 88' lang='lat' dir='ltr'><strong>cupidius</strong></span> <span class='ocrx_word' id='word_1_303' title='bbox 617 3879 744 3942; x_wconf 87' lang='lat' dir='ltr'><strong>insecuti</strong></span> <span class='ocrx_word' id='word_1_304' title='bbox 766 3879 917 3959; x_wconf 91' lang='lat' dir='ltr'><strong>peditibus</strong></span> <span class='ocrx_word' id='word_1_305' title='bbox 939 3880 1069 3961; x_wconf 90' lang='lat' dir='ltr'><strong>undique</strong></span> <span class='ocrx_word' id='word_1_306' title='bbox 1092 3887 1163 3940; x_wconf 88' lang='lat' dir='ltr'><strong>sunt</strong></span> <span class='ocrx_word' id='word_1_307' title='bbox 1184 3878 1245 3941; x_wconf 84' lang='lat' dir='ltr'><strong>cir-</strong></span> 
     </span>
    </p>

    <p class='ocr_par' dir='ltr' id='par_1_13' title="bbox 125 3964 1246 4047">
     <span class='ocr_line' id='line_1_43' title="bbox 125 3964 1246 4047; baseline 0.001 -22"><span class='ocrx_word' id='word_1_308' title='bbox 125 4012 132 4024; x_wconf 94' lang='lat'><strong>.</strong></span> <span class='ocrx_word' id='word_1_309' title='bbox 227 3967 366 4027; x_wconf 88' lang='lat' dir='ltr'><strong>cumdati.</strong></span> <span class='ocrx_word' id='word_1_310' title='bbox 412 3964 480 4036; x_wconf 81' lang='lat' dir='ltr'><strong>Quo</strong></span> <span class='ocrx_word' id='word_1_311' title='bbox 502 3968 581 4029; x_wconf 85' lang='lat' dir='ltr'><strong>facto</strong></span> <span class='ocrx_word' id='word_1_312' title='bbox 603 3967 772 4047; x_wconf 90' lang='lat' dir='ltr'><strong>perturbati</strong></span> <span class='ocrx_word' id='word_1_313' title='bbox 794 3965 933 4042; x_wconf 90' lang='lat' dir='ltr'><strong>celerius,</strong></span> <span class='ocrx_word' id='word_1_314' title='bbox 957 3965 1246 4047; x_wconf 87' lang='lat' dir='ltr'><strong>quamconsuetudo</strong></span> 
     </span>
    </p>
   </div>
   <div class='ocr_carea' id='block_1_3' title="bbox 0 0 1327 4492">
    <p class='ocr_par' dir='ltr' id='par_1_14' title="bbox 0 0 1327 4492">
     <span class='ocr_line' id='line_1_44' title="bbox 0 0 1327 4492; baseline 0 0"><span class='ocrx_word' id='word_1_315' title='bbox 0 0 1327 4492; x_wconf 95' lang='lat' dir='ltr'><strong> </strong></span> 
     </span>
    </p>
   </div>
  </div>
 </body>
</html>
