<?xml version="1.0" encoding="UTF-8"?>
<!DOCTYPE html PUBLIC "-//W3C//DTD XHTML 1.0 Transitional//EN"
    "http://www.w3.org/TR/xhtml1/DTD/xhtml1-transitional.dtd">
<html xmlns="http://www.w3.org/1999/xhtml" xml:lang="en" lang="en">
 <head>
  <title>
</title>
<meta http-equiv="Content-Type" content="text/html;charset=utf-8" />
  <meta name='ocr-system' content='tesseract 3.04.00' />
  <meta name='ocr-capabilities' content='ocr_page ocr_carea ocr_par ocr_line ocrx_word'/>
</head>
<body>
  <div class='ocr_page' id='page_1' title='image "./debellogallicol00friggoog_0330.png"; bbox 0 0 2616 4492; ppageno 0'>
   <div class='ocr_carea' id='block_1_1' title="bbox 480 300 1151 364">
    <p class='ocr_par' dir='ltr' id='par_1_1' title="bbox 480 300 1151 364">
     <span class='ocr_line' id='line_1_1' title="bbox 480 300 1151 364; baseline -0.001 0"><span class='ocrx_word' id='word_1_1' title='bbox 480 315 529 364; x_wconf 78' lang='lat' dir='ltr'><strong><em>ns</em></strong></span> <span class='ocrx_word' id='word_1_2' title='bbox 549 314 802 364; x_wconf 74' lang='lat' dir='ltr'><strong><em>omssmmsns</em></strong></span> <span class='ocrx_word' id='word_1_3' title='bbox 1111 300 1151 363; x_wconf 84' lang='lat'><strong><em>15</em></strong></span> 
     </span>
    </p>
   </div>
   <div class='ocr_carea' id='block_1_2' title="bbox 120 451 1169 4082">
    <p class='ocr_par' dir='ltr' id='par_1_2' title="bbox 120 451 1169 4082">
     <span class='ocr_line' id='line_1_2' title="bbox 128 451 1150 539; baseline -0.003 -20"><span class='ocrx_word' id='word_1_4' title='bbox 128 456 183 530; x_wconf 87' lang='lat'><strong><em>83,</em></strong></span> <span class='ocrx_word' id='word_1_5' title='bbox 206 457 250 518; x_wconf 99' lang='grc'>20</span> <span class='ocrx_word' id='word_1_6' title='bbox 272 453 349 518; x_wconf 91' lang='lat' dir='ltr'><strong><em>Nou</em></strong></span> <span class='ocrx_word' id='word_1_7' title='bbox 378 474 443 517; x_wconf 87' lang='lat' dir='ltr'><strong><em>esse</em></strong></span> <span class='ocrx_word' id='word_1_8' title='bbox 469 456 725 519; x_wconf 66' lang='lat' dir='ltr'><em>consuetudinem</em></span> <span class='ocrx_word' id='word_1_9' title='bbox 750 476 826 539; x_wconf 78' lang='lat' dir='ltr'><strong><em>pop.</em></strong></span> <span class='ocrx_word' id='word_1_10' title='bbox 854 454 896 517; x_wconf 84' lang='lat' dir='ltr'><strong><em>R.</em></strong></span> <span class='ocrx_word' id='word_1_11' title='bbox 920 451 1042 516; x_wconf 84' lang='lat' dir='ltr'><strong><em>uitam</em></strong></span> <span class='ocrx_word' id='word_1_12' title='bbox 1064 455 1150 516; x_wconf 89' lang='lat' dir='ltr'><strong><em>acci·</em></strong></span> 
     </span>
     <span class='ocr_line' id='line_1_3' title="bbox 124 541 1152 626; baseline -0.004 -20"><span class='ocrx_word' id='word_1_13' title='bbox 124 563 205 626; x_wconf 79' lang='lat' dir='ltr'><strong><em>pere</em></strong></span> <span class='ocrx_word' id='word_1_14' title='bbox 226 544 265 605; x_wconf 92' lang='lat' dir='ltr'><strong><em>ab</em></strong></span> <span class='ocrx_word' id='word_1_15' title='bbox 288 543 374 605; x_wconf 88' lang='lat' dir='ltr'><strong><em>bostc</em></strong></span> <span class='ocrx_word' id='word_1_16' title='bbox 401 549 526 604; x_wconf 89' lang='lat' dir='ltr'><strong><em>armato</em></strong></span> <span class='ocrx_word' id='word_1_17' title='bbox 556 543 781 616; x_wconf 87' lang='lat' dir='ltr'><strong><em>condicionem,</em></strong></span> <span class='ocrx_word' id='word_1_18' title='bbox 815 543 886 616; x_wconf 91' lang='lat'>112,</span> <span class='ocrx_word' id='word_1_19' title='bbox 912 541 951 603; x_wconf 99' lang='lat'><strong><em>14</em></strong></span> <span class='ocrx_word' id='word_1_20' title='bbox 975 541 1152 604; x_wconf 89' lang='lat' dir='ltr'><strong><em>omnibus</em></strong></span> 
     </span>
     <span class='ocr_line' id='line_1_4' title="bbox 129 626 1154 711; baseline -0.003 -19"><span class='ocrx_word' id='word_1_21' title='bbox 129 632 203 693; x_wconf 86' lang='lat' dir='ltr'><strong><em>suis</em></strong></span> <span class='ocrx_word' id='word_1_22' title='bbox 230 628 485 711; x_wconf 73' lang='lat' dir='ltr'><strong><em>inopinantibus,</em></strong></span> <span class='ocrx_word' id='word_1_23' title='bbox 521 626 592 702; x_wconf 87' lang='grc'>166,</span> <span class='ocrx_word' id='word_1_24' title='bbox 619 629 658 691; x_wconf 98' lang='grc'><strong><em>18</em></strong></span> <span class='ocrx_word' id='word_1_25' title='bbox 682 630 851 693; x_wconf 88' lang='lat' dir='ltr'><strong><em>amnium</em></strong></span> <span class='ocrx_word' id='word_1_26' title='bbox 872 648 1006 690; x_wconf 89' lang='lat' dir='ltr'><strong><em>suorum</em></strong></span> <span class='ocrx_word' id='word_1_27' title='bbox 1028 627 1154 689; x_wconf 85' lang='lat' dir='ltr'><strong><em>inuocat</em></strong></span> 
     </span>
     <span class='ocr_line' id='line_1_5' title="bbox 120 713 1151 800; baseline -0.004 -22"><span class='ocrx_word' id='word_1_28' title='bbox 120 716 232 800; x_wconf 79' lang='lat' dir='ltr'><strong><em>fidem,</em></strong></span> <span class='ocrx_word' id='word_1_29' title='bbox 259 715 330 790; x_wconf 86' lang='lat'>134,</span> <span class='ocrx_word' id='word_1_30' title='bbox 348 715 391 776; x_wconf 91' lang='grc'>20</span> <span class='ocrx_word' id='word_1_31' title='bbox 414 722 471 778; x_wconf 90' lang='lat' dir='ltr'><strong><em>tat</em></strong></span> <span class='ocrx_word' id='word_1_32' title='bbox 491 716 796 779; x_wconf 69' lang='lat' dir='ltr'><strong><em>secundissimorum</em></strong></span> <span class='ocrx_word' id='word_1_33' title='bbox 812 713 1012 797; x_wconf 78' lang='lat' dir='ltr'><strong><em>proeliorum</em></strong></span> <span class='ocrx_word' id='word_1_34' title='bbox 1033 715 1151 775; x_wconf 91' lang='lat' dir='ltr'><strong><em>retine-</em></strong></span> 
     </span>
     <span class='ocr_line' id='line_1_6' title="bbox 129 800 1153 877; baseline -0.004 -12"><span class='ocrx_word' id='word_1_35' title='bbox 129 809 205 865; x_wconf 83' lang='lat' dir='ltr'><strong><em>rent</em></strong></span> <span class='ocrx_word' id='word_1_36' title='bbox 233 802 432 877; x_wconf 86' lang='lat' dir='ltr'><strong><em>memoriam,</em></strong></span> <span class='ocrx_word' id='word_1_37' title='bbox 469 800 539 876; x_wconf 91' lang='grc'>167,</span> <span class='ocrx_word' id='word_1_38' title='bbox 566 803 605 866; x_wconf 94' lang='grc'><strong><em>16</em></strong></span> <span class='ocrx_word' id='word_1_39' title='bbox 639 801 731 865; x_wconf 84' lang='lat' dir='ltr'><strong><em>nulia</em></strong></span> <span class='ocrx_word' id='word_1_40' title='bbox 764 822 863 865; x_wconf 81' lang='lat' dir='ltr'><strong><em>euna</em></strong></span> <span class='ocrx_word' id='word_1_41' title='bbox 900 821 1000 864; x_wconf 86' lang='lat' dir='ltr'><strong><em>noua</em></strong></span> <span class='ocrx_word' id='word_1_42' title='bbox 1036 800 1153 862; x_wconf 87' lang='lat' dir='ltr'><strong><em>iniun-</em></strong></span> 
     </span>
     <span class='ocr_line' id='line_1_7' title="bbox 128 886 1154 972; baseline -0.004 -21"><span class='ocrx_word' id='word_1_43' title='bbox 128 888 244 972; x_wconf 80' lang='lat' dir='ltr'><strong><em>qeudo,</em></strong></span> <span class='ocrx_word' id='word_1_44' title='bbox 281 888 331 963; x_wconf 90' lang='grc'>74,</span> <span class='ocrx_word' id='word_1_45' title='bbox 356 886 397 950; x_wconf 91' lang='grc'><strong><em>36</em></strong></span> <span class='ocrx_word' id='word_1_46' title='bbox 421 890 566 951; x_wconf 91' lang='lat' dir='ltr'><strong><em>omuibus</em></strong></span> <span class='ocrx_word' id='word_1_47' title='bbox 593 890 654 952; x_wconf 87' lang='lat' dir='ltr'><strong><em>uiis</em></strong></span> <span class='ocrx_word' id='word_1_48' title='bbox 680 890 789 953; x_wconf 89' lang='lat' dir='ltr'><strong><em>uatis</em></strong></span> <span class='ocrx_word' id='word_1_49' title='bbox 814 889 1002 968; x_wconf 78' lang='lat' dir='ltr'><strong><em>semitisque,</em></strong></span> <span class='ocrx_word' id='word_1_50' title='bbox 1036 888 1088 960; x_wconf 89' lang='grc'><strong><em>23,</em></strong></span> <span class='ocrx_word' id='word_1_51' title='bbox 1112 887 1154 947; x_wconf 90' lang='grc'><strong><em>20</em></strong></span> 
     </span>
     <span class='ocr_line' id='line_1_8' title="bbox 133 972 1152 1057; baseline -0.003 -19"><span class='ocrx_word' id='word_1_52' title='bbox 133 974 271 1057; x_wconf 81' lang='lat' dir='ltr'><strong><em>leqionis</em></strong></span> <span class='ocrx_word' id='word_1_53' title='bbox 298 972 428 1037; x_wconf 86' lang='lat' dir='ltr'><strong><em>delectae</em></strong></span> <span class='ocrx_word' id='word_1_54' title='bbox 456 977 702 1039; x_wconf 80' lang='lat' dir='ltr'><strong><em>corssmissum</em></strong></span> <span class='ocrx_word' id='word_1_55' title='bbox 731 997 802 1038; x_wconf 93' lang='lat' dir='ltr'><strong><em>cum</em></strong></span> <span class='ocrx_word' id='word_1_56' title='bbox 824 976 962 1056; x_wconf 84' lang='lat' dir='ltr'><strong><em>equitatu</em></strong></span> <span class='ocrx_word' id='word_1_57' title='bbox 982 973 1152 1055; x_wconf 79' lang='lat' dir='ltr'><strong><em>praetium,</em></strong></span> 
     </span>
     <span class='ocr_line' id='line_1_9' title="bbox 132 1059 1155 1144; baseline -0.002 -20"><span class='ocrx_word' id='word_1_58' title='bbox 132 1061 187 1136; x_wconf 83' lang='lat'><strong><em>64,</em></strong></span> <span class='ocrx_word' id='word_1_59' title='bbox 204 1060 225 1123; x_wconf 98' lang='grc'>9</span> <span class='ocrx_word' id='word_1_60' title='bbox 242 1069 318 1143; x_wconf 78' lang='lat' dir='ltr'><strong><em>post</em></strong></span> <span class='ocrx_word' id='word_1_61' title='bbox 336 1059 496 1143; x_wconf 77' lang='lat' dir='ltr'><strong><em>proelium</em></strong></span> <span class='ocrx_word' id='word_1_62' title='bbox 509 1063 663 1144; x_wconf 89' lang='lat' dir='ltr'><strong><em>sactum</em></strong></span> <span class='ocrx_word' id='word_1_63' title='bbox 686 1069 905 1134; x_wconf 89' lang='lat' dir='ltr'><strong><em>conuenerant,</em></strong></span> <span class='ocrx_word' id='word_1_64' title='bbox 933 1061 1155 1141; x_wconf 85' lang='lat' dir='ltr'><strong><em>151,10quae</em></strong></span> 
     </span>
     <span class='ocr_line' id='line_1_10' title="bbox 134 1145 1154 1231; baseline -0.001 -21"><span class='ocrx_word' id='word_1_65' title='bbox 134 1145 249 1231; x_wconf 84' lang='lat' dir='ltr'><strong><em>(leqio)</em></strong></span> <span class='ocrx_word' id='word_1_66' title='bbox 280 1154 387 1211; x_wconf 85' lang='lat' dir='ltr'><strong><em>octavo</em></strong></span> <span class='ocrx_word' id='word_1_67' title='bbox 416 1148 483 1210; x_wconf 94' lang='lat' dir='ltr'><strong><em>iam</em></strong></span> <span class='ocrx_word' id='word_1_68' title='bbox 504 1150 662 1231; x_wconf 79' lang='lat' dir='ltr'><strong><em>stipendio</em></strong></span> <span class='ocrx_word' id='word_1_69' title='bbox 676 1151 836 1228; x_wconf 84' lang='lat' dir='ltr'><strong><em>functa,</em></strong></span> <span class='ocrx_word' id='word_1_70' title='bbox 873 1145 944 1222; x_wconf 91' lang='grc'>166,</span> <span class='ocrx_word' id='word_1_71' title='bbox 970 1148 1009 1209; x_wconf 92' lang='grc'>35</span> <span class='ocrx_word' id='word_1_72' title='bbox 1035 1148 1154 1210; x_wconf 88' lang='lat' dir='ltr'><strong><em>obsidi-</em></strong></span> 
     </span>
     <span class='ocr_line' id='line_1_11' title="bbox 133 1234 1153 1318; baseline -0.003 -20"><span class='ocrx_word' id='word_1_73' title='bbox 133 1237 192 1298; x_wconf 83' lang='lat' dir='ltr'><strong><em>bus</em></strong></span> <span class='ocrx_word' id='word_1_74' title='bbox 215 1235 323 1296; x_wconf 86' lang='lat' dir='ltr'><strong><em>datis</em></strong></span> <span class='ocrx_word' id='word_1_75' title='bbox 336 1235 461 1315; x_wconf 79' lang='lat' dir='ltr'><strong><em>firmat,</em></strong></span> <span class='ocrx_word' id='word_1_76' title='bbox 485 1234 539 1309; x_wconf 93' lang='grc'>49,</span> <span class='ocrx_word' id='word_1_77' title='bbox 555 1237 575 1297; x_wconf 89' lang='grc'>4</span> <span class='ocrx_word' id='word_1_78' title='bbox 592 1236 692 1318; x_wconf 83' lang='lat' dir='ltr'><strong><em>copiis</em></strong></span> <span class='ocrx_word' id='word_1_79' title='bbox 708 1237 825 1298; x_wconf 87' lang='lat' dir='ltr'><strong><em>conctis</em></strong></span> <span class='ocrx_word' id='word_1_80' title='bbox 839 1236 1035 1316; x_wconf 86' lang='lat' dir='ltr'><strong><em>equitatuque</em></strong></span> <span class='ocrx_word' id='word_1_81' title='bbox 1058 1254 1153 1296; x_wconf 91' lang='lat' dir='ltr'><strong><em>com·</em></strong></span> 
     </span>
     <span class='ocr_line' id='line_1_12' title="bbox 130 1318 1155 1404; baseline -0.002 -21"><span class='ocrx_word' id='word_1_82' title='bbox 130 1327 279 1404; x_wconf 80' lang='lat' dir='ltr'><strong><em>parato</em></strong></span> <span class='ocrx_word' id='word_1_83' title='bbox 308 1318 404 1402; x_wconf 87' lang='lat' dir='ltr'><strong><em>(quod</em></strong></span> <span class='ocrx_word' id='word_1_84' title='bbox 426 1321 457 1383; x_wconf 89' lang='lat' dir='ltr'><strong><em>in</em></strong></span> <span class='ocrx_word' id='word_1_85' title='bbox 482 1322 507 1383; x_wconf 90' lang='lat' dir='ltr'>T</span> <span class='ocrx_word' id='word_1_86' title='bbox 531 1322 596 1385; x_wconf 89' lang='lat' dir='ltr'><strong><em>solo</em></strong></span> <span class='ocrx_word' id='word_1_87' title='bbox 625 1323 853 1402; x_wconf 80' lang='lat' dir='ltr'><strong><em>animadverti),</em></strong></span> <span class='ocrx_word' id='word_1_88' title='bbox 890 1319 961 1393; x_wconf 89' lang='grc'>147,</span> <span class='ocrx_word' id='word_1_89' title='bbox 987 1322 1020 1381; x_wconf 90' lang='grc'><strong><em>31</em></strong></span> <span class='ocrx_word' id='word_1_90' title='bbox 1050 1321 1155 1382; x_wconf 90' lang='lat' dir='ltr'><strong><em>scien-</em></strong></span> 
     </span>
     <span class='ocr_line' id='line_1_13' title="bbox 134 1407 1155 1492; baseline -0.002 -22"><span class='ocrx_word' id='word_1_91' title='bbox 134 1407 183 1471; x_wconf 86' lang='lat' dir='ltr'><strong><em>tia</em></strong></span> <span class='ocrx_word' id='word_1_92' title='bbox 206 1414 372 1469; x_wconf 85' lang='lat' dir='ltr'><strong><em>tantarum</em></strong></span> <span class='ocrx_word' id='word_1_93' title='bbox 393 1427 502 1470; x_wconf 89' lang='lat' dir='ltr'><strong><em>rerum</em></strong></span> <span class='ocrx_word' id='word_1_94' title='bbox 521 1416 734 1492; x_wconf 80' lang='lat' dir='ltr'><strong><em>qestarum,</em></strong></span> <span class='ocrx_word' id='word_1_95' title='bbox 761 1410 833 1483; x_wconf 91' lang='grc'>131,</span> <span class='ocrx_word' id='word_1_96' title='bbox 858 1408 898 1470; x_wconf 92' lang='grc'><strong><em>38</em></strong></span> <span class='ocrx_word' id='word_1_97' title='bbox 921 1429 987 1470; x_wconf 86' lang='lat' dir='ltr'><strong><em>noa</em></strong></span> <span class='ocrx_word' id='word_1_98' title='bbox 1009 1415 1155 1488; x_wconf 80' lang='lat' dir='ltr'><strong><em>praeter-</em></strong></span> 
     </span>
     <span class='ocr_line' id='line_1_14' title="bbox 133 1492 1154 1576; baseline 0 -20"><span class='ocrx_word' id='word_1_99' title='bbox 133 1493 324 1556; x_wconf 86' lang='lat' dir='ltr'><strong><em>mittendum</em></strong></span> <span class='ocrx_word' id='word_1_100' title='bbox 356 1494 512 1556; x_wconf 89' lang='lat' dir='ltr'><strong><em>instans</em></strong></span> <span class='ocrx_word' id='word_1_101' title='bbox 545 1503 670 1557; x_wconf 88' lang='lat' dir='ltr'><strong><em>tantum</em></strong></span> <span class='ocrx_word' id='word_1_102' title='bbox 701 1496 907 1568; x_wconf 83' lang='lat' dir='ltr'><strong><em>cosnmodum,</em></strong></span> <span class='ocrx_word' id='word_1_103' title='bbox 939 1492 991 1567; x_wconf 91' lang='grc'><strong><em>27,</em></strong></span> <span class='ocrx_word' id='word_1_104' title='bbox 1017 1493 1057 1554; x_wconf 88' lang='grc'><strong><em>34</em></strong></span> <span class='ocrx_word' id='word_1_105' title='bbox 1080 1495 1154 1576; x_wconf 85' lang='lat' dir='ltr'><strong><em>pri-</em></strong></span> 
     </span>
     <span class='ocr_line' id='line_1_15' title="bbox 134 1579 1155 1664; baseline -0.001 -22"><span class='ocrx_word' id='word_1_106' title='bbox 134 1600 205 1643; x_wconf 90' lang='lat' dir='ltr'><strong><em>mas</em></strong></span> <span class='ocrx_word' id='word_1_107' title='bbox 228 1579 365 1642; x_wconf 78' lang='lat' dir='ltr'><strong><em>civitatis</em></strong></span> <span class='ocrx_word' id='word_1_108' title='bbox 385 1600 492 1654; x_wconf 90' lang='lat' dir='ltr'><strong><em>suae,</em></strong></span> <span class='ocrx_word' id='word_1_109' title='bbox 522 1583 573 1654; x_wconf 84' lang='lat'><strong><em>52,</em></strong></span> <span class='ocrx_word' id='word_1_110' title='bbox 589 1582 630 1643; x_wconf 90' lang='grc'><strong><em>25</em></strong></span> <span class='ocrx_word' id='word_1_111' title='bbox 653 1583 738 1643; x_wconf 88' lang='lat' dir='ltr'><strong><em>suis</em></strong></span> <span class='ocrx_word' id='word_1_112' title='bbox 760 1603 798 1646; x_wconf 84' lang='lat' dir='ltr'><strong><em>esc</em></strong></span> <span class='ocrx_word' id='word_1_113' title='bbox 812 1582 944 1664; x_wconf 79' lang='lat' dir='ltr'><strong><em>finibus,</em></strong></span> <span class='ocrx_word' id='word_1_114' title='bbox 970 1580 1020 1654; x_wconf 90' lang='grc'><strong><em>78,</em></strong></span> <span class='ocrx_word' id='word_1_115' title='bbox 1039 1581 1078 1642; x_wconf 94' lang='grc'><strong><em>18</em></strong></span> <span class='ocrx_word' id='word_1_116' title='bbox 1094 1601 1155 1661; x_wconf 83' lang='lat' dir='ltr'><strong><em>per</em></strong></span> 
     </span>
     <span class='ocr_line' id='line_1_16' title="bbox 134 1665 1154 1749; baseline -0.001 -20"><span class='ocrx_word' id='word_1_117' title='bbox 134 1685 229 1729; x_wconf 84' lang='lat' dir='ltr'><strong><em>sues</em></strong></span> <span class='ocrx_word' id='word_1_118' title='bbox 247 1667 342 1747; x_wconf 80' lang='lat' dir='ltr'><strong><em>flues,</em></strong></span> <span class='ocrx_word' id='word_1_119' title='bbox 379 1666 450 1740; x_wconf 89' lang='grc'>137,</span> <span class='ocrx_word' id='word_1_120' title='bbox 476 1665 516 1729; x_wconf 96' lang='grc'><strong><em>19</em></strong></span> <span class='ocrx_word' id='word_1_121' title='bbox 545 1671 653 1749; x_wconf 79' lang='lat' dir='ltr'><strong><em>copias</em></strong></span> <span class='ocrx_word' id='word_1_122' title='bbox 676 1689 769 1730; x_wconf 87' lang='lat' dir='ltr'><strong><em>suas</em></strong></span> <span class='ocrx_word' id='word_1_123' title='bbox 792 1716 823 1730; x_wconf 90' lang='lat'><strong><em>..</em></strong></span> <span class='ocrx_word' id='word_1_124' title='bbox 847 1668 985 1741; x_wconf 74' lang='lat' dir='ltr'><strong><em>reducit,</em></strong></span> <span class='ocrx_word' id='word_1_125' title='bbox 1017 1668 1088 1739; x_wconf 87' lang='grc'>143,</span> <span class='ocrx_word' id='word_1_126' title='bbox 1114 1667 1154 1728; x_wconf 91' lang='grc'>38</span> 
     </span>
     <span class='ocr_line' id='line_1_17' title="bbox 134 1753 1157 1833; baseline 0.001 -19"><span class='ocrx_word' id='word_1_127' title='bbox 134 1759 172 1815; x_wconf 90' lang='lat' dir='ltr'><strong><em>ut</em></strong></span> <span class='ocrx_word' id='word_1_128' title='bbox 203 1773 300 1814; x_wconf 89' lang='lat' dir='ltr'><strong><em>suus</em></strong></span> <span class='ocrx_word' id='word_1_129' title='bbox 333 1754 441 1833; x_wconf 91' lang='lat' dir='ltr'><strong><em>cuique</em></strong></span> <span class='ocrx_word' id='word_1_130' title='bbox 473 1763 542 1817; x_wconf 89' lang='lat' dir='ltr'><strong><em>erat</em></strong></span> <span class='ocrx_word' id='word_1_131' title='bbox 571 1753 657 1817; x_wconf 86' lang='lat' dir='ltr'><strong><em>locus</em></strong></span> <span class='ocrx_word' id='word_1_132' title='bbox 685 1755 866 1828; x_wconf 86' lang='lat' dir='ltr'><strong><em>attributus,</em></strong></span> <span class='ocrx_word' id='word_1_133' title='bbox 903 1754 974 1826; x_wconf 91' lang='grc'>117,</span> <span class='ocrx_word' id='word_1_134' title='bbox 998 1754 1037 1814; x_wconf 92' lang='grc'>35</span> <span class='ocrx_word' id='word_1_135' title='bbox 1061 1774 1094 1815; x_wconf 92' lang='lat' dir='ltr'><strong><em>se</em></strong></span> <span class='ocrx_word' id='word_1_136' title='bbox 1117 1772 1157 1815; x_wconf 76' lang='lat' dir='ltr'><strong><em>esc</em></strong></span> 
     </span>
     <span class='ocr_line' id='line_1_18' title="bbox 136 1838 1155 1922; baseline 0.002 -22"><span class='ocrx_word' id='word_1_137' title='bbox 136 1838 212 1900; x_wconf 83' lang='lat' dir='ltr'><strong><em>bac</em></strong></span> <span class='ocrx_word' id='word_1_138' title='bbox 235 1840 322 1921; x_wconf 81' lang='lat' dir='ltr'><strong><em>suqa</em></strong></span> <span class='ocrx_word' id='word_1_139' title='bbox 353 1839 563 1922; x_wconf 83' lang='lat' dir='ltr'><strong><em>recipientem,</em></strong></span> <span class='ocrx_word' id='word_1_140' title='bbox 601 1841 672 1913; x_wconf 90' lang='grc'><strong><em>120,</em></strong></span> <span class='ocrx_word' id='word_1_141' title='bbox 697 1841 738 1902; x_wconf 91' lang='grc'><strong><em>30</em></strong></span> <span class='ocrx_word' id='word_1_142' title='bbox 761 1862 800 1904; x_wconf 82' lang='lat' dir='ltr'><strong><em>ea</em></strong></span> <span class='ocrx_word' id='word_1_143' title='bbox 827 1842 915 1904; x_wconf 89' lang='lat' dir='ltr'><strong><em>omui</em></strong></span> <span class='ocrx_word' id='word_1_144' title='bbox 944 1861 984 1903; x_wconf 88' lang='lat' dir='ltr'><strong><em>eo</em></strong></span> <span class='ocrx_word' id='word_1_145' title='bbox 1011 1859 1155 1912; x_wconf 88' lang='lat' dir='ltr'><strong><em>numera,</em></strong></span> 
     </span>
     <span class='ocr_line' id='line_1_19' title="bbox 136 1923 1155 2007; baseline 0 -21"><span class='ocrx_word' id='word_1_146' title='bbox 136 1923 190 1998; x_wconf 88' lang='grc'><strong><em>61,</em></strong></span> <span class='ocrx_word' id='word_1_147' title='bbox 213 1923 233 1986; x_wconf 90' lang='grc'>9</span> <span class='ocrx_word' id='word_1_148' title='bbox 257 1924 341 2007; x_wconf 91' lang='lat' dir='ltr'><strong><em>quod</em></strong></span> <span class='ocrx_word' id='word_1_149' title='bbox 363 1971 393 1987; x_wconf 89' lang='lat'><strong><em>..</em></strong></span> <span class='ocrx_word' id='word_1_150' title='bbox 416 1929 548 1989; x_wconf 87' lang='lat' dir='ltr'><strong><em>nauium</em></strong></span> <span class='ocrx_word' id='word_1_151' title='bbox 570 1928 714 2002; x_wconf 87' lang='lat' dir='ltr'><strong><em>babebat,</em></strong></span> <span class='ocrx_word' id='word_1_152' title='bbox 738 1929 779 1990; x_wconf 91' lang='lat' dir='ltr'><strong><em>id</em></strong></span> <span class='ocrx_word' id='word_1_153' title='bbox 878 1927 1057 2000; x_wconf 89' lang='lat' dir='ltr'><strong><em>distribuit,</em></strong></span> <span class='ocrx_word' id='word_1_154' title='bbox 1084 1927 1155 1998; x_wconf 89' lang='lat'>131,</span> 
     </span>
     <span class='ocr_line' id='line_1_20' title="bbox 136 2009 1169 2096; baseline 0.001 -24"><span class='ocrx_word' id='word_1_155' title='bbox 136 2009 242 2074; x_wconf 83' lang='lat' dir='ltr'><strong><em>4teui</em></strong></span> <span class='ocrx_word' id='word_1_156' title='bbox 259 2013 349 2094; x_wconf 86' lang='lat' dir='ltr'><strong><em>facto</em></strong></span> <span class='ocrx_word' id='word_1_157' title='bbox 372 2016 505 2093; x_wconf 80' lang='lat' dir='ltr'><strong><em>equestri</em></strong></span> <span class='ocrx_word' id='word_1_158' title='bbox 523 2014 648 2096; x_wconf 82' lang='lat' dir='ltr'><strong><em>proelio</em></strong></span> <span class='ocrx_word' id='word_1_159' title='bbox 668 2021 760 2095; x_wconf 90' lang='lat' dir='ltr'><strong><em>atque</em></strong></span> <span class='ocrx_word' id='word_1_160' title='bbox 782 2035 819 2077; x_wconf 90' lang='lat' dir='ltr'><strong><em>eo</em></strong></span> <span class='ocrx_word' id='word_1_161' title='bbox 842 2015 988 2088; x_wconf 86' lang='lat' dir='ltr'><strong><em>secunda,</em></strong></span> <span class='ocrx_word' id='word_1_162' title='bbox 1019 2012 1090 2084; x_wconf 85' lang='lat'>148,</span> <span class='ocrx_word' id='word_1_163' title='bbox 1116 2014 1169 2073; x_wconf 72' lang='lat'><strong><em>32⁴</em></strong></span> 
     </span>
     <span class='ocr_line' id='line_1_21' title="bbox 137 2096 1157 2183; baseline 0 -23"><span class='ocrx_word' id='word_1_164' title='bbox 137 2099 234 2160; x_wconf 88' lang='lat' dir='ltr'><strong><em>ctiam</em></strong></span> <span class='ocrx_word' id='word_1_165' title='bbox 261 2096 345 2160; x_wconf 82' lang='lat' dir='ltr'><strong><em>iilud</em></strong></span> <span class='ocrx_word' id='word_1_166' title='bbox 372 2097 502 2182; x_wconf 82' lang='lat' dir='ltr'><strong><em>rulqare</em></strong></span> <span class='ocrx_word' id='word_1_167' title='bbox 529 2101 649 2163; x_wconf 89' lang='lat' dir='ltr'><strong><em>incurs.</em></strong></span> <span class='ocrx_word' id='word_1_168' title='bbox 677 2101 755 2163; x_wconf 86' lang='lat' dir='ltr'><strong><em>bost.</em></strong></span> <span class='ocrx_word' id='word_1_169' title='bbox 778 2103 907 2183; x_wconf 84' lang='lat' dir='ltr'><strong><em>siqnum</em></strong></span> <span class='ocrx_word' id='word_1_170' title='bbox 1008 2100 1157 2162; x_wconf 76' lang='lat' dir='ltr'><strong><em>Caesaris</em></strong></span> 
     </span>
     <span class='ocr_line' id='line_1_22' title="bbox 137 2184 1157 2270; baseline 0 -22"><span class='ocrx_word' id='word_1_171' title='bbox 137 2184 179 2248; x_wconf 87' lang='lat' dir='ltr'><strong><em>id</em></strong></span> <span class='ocrx_word' id='word_1_172' title='bbox 211 2192 281 2247; x_wconf 88' lang='lat' dir='ltr'><strong><em>erat</em></strong></span> <span class='ocrx_word' id='word_1_173' title='bbox 312 2185 479 2249; x_wconf 88' lang='lat' dir='ltr'><strong><em>interdicto</em></strong></span> <span class='ocrx_word' id='word_1_174' title='bbox 513 2186 682 2260; x_wconf 85' lang='lat' dir='ltr'><strong><em>sublatum,</em></strong></span> <span class='ocrx_word' id='word_1_175' title='bbox 717 2186 789 2262; x_wconf 90' lang='grc'>165,</span> <span class='ocrx_word' id='word_1_176' title='bbox 816 2188 854 2250; x_wconf 93' lang='grc'><strong><em>18</em></strong></span> <span class='ocrx_word' id='word_1_177' title='bbox 878 2208 1052 2270; x_wconf 79' lang='lat' dir='ltr'><strong><em>numquam</em></strong></span> <span class='ocrx_word' id='word_1_178' title='bbox 1074 2187 1157 2268; x_wconf 81' lang='lat' dir='ltr'><strong><em>ipse</em></strong></span> 
     </span>
     <span class='ocr_line' id='line_1_23' title="bbox 137 2270 1154 2356; baseline -0.001 -22"><span class='ocrx_word' id='word_1_179' title='bbox 137 2270 266 2343; x_wconf 87' lang='lat' dir='ltr'><strong><em>adisset,</em></strong></span> <span class='ocrx_word' id='word_1_180' title='bbox 302 2271 374 2345; x_wconf 92' lang='grc'>144,</span> <span class='ocrx_word' id='word_1_181' title='bbox 398 2270 418 2333; x_wconf 92' lang='grc'>6</span> <span class='ocrx_word' id='word_1_182' title='bbox 441 2294 473 2335; x_wconf 88' lang='lat' dir='ltr'><strong><em>se</em></strong></span> <span class='ocrx_word' id='word_1_183' title='bbox 498 2273 580 2356; x_wconf 82' lang='lat' dir='ltr'><strong><em>ipsi</em></strong></span> <span class='ocrx_word' id='word_1_184' title='bbox 607 2274 800 2337; x_wconf 81' lang='lat' dir='ltr'><strong><em>stimulis..</em></strong></span> <span class='ocrx_word' id='word_1_185' title='bbox 824 2276 1006 2346; x_wconf 82' lang='lat' dir='ltr'><strong><em>induebant,</em></strong></span> <span class='ocrx_word' id='word_1_186' title='bbox 1039 2276 1090 2348; x_wconf 93' lang='grc'><strong><em>21,</em></strong></span> <span class='ocrx_word' id='word_1_187' title='bbox 1116 2274 1154 2334; x_wconf 92' lang='lat' dir='ltr'><strong><em>ll</em></strong></span> 
     </span>
     <span class='ocr_line' id='line_1_24' title="bbox 132 2355 1159 2442; baseline 0.001 -21"><span class='ocrx_word' id='word_1_188' title='bbox 132 2355 317 2441; x_wconf 79' lang='lat' dir='ltr'><strong><em>pollicitum</em></strong></span> <span class='ocrx_word' id='word_1_189' title='bbox 344 2379 438 2434; x_wconf 87' lang='lat' dir='ltr'><strong><em>csse,</em></strong></span> <span class='ocrx_word' id='word_1_190' title='bbox 474 2358 525 2432; x_wconf 89' lang='grc'>63,</span> <span class='ocrx_word' id='word_1_191' title='bbox 548 2362 591 2423; x_wconf 94' lang='grc'>20</span> <span class='ocrx_word' id='word_1_192' title='bbox 618 2363 751 2425; x_wconf 85' lang='lat' dir='ltr'><strong><em>daturos</em></strong></span> <span class='ocrx_word' id='word_1_193' title='bbox 779 2381 873 2436; x_wconf 93' lang='lat' dir='ltr'><strong><em>esse,</em></strong></span> <span class='ocrx_word' id='word_1_194' title='bbox 907 2360 961 2435; x_wconf 92' lang='grc'>80,</span> <span class='ocrx_word' id='word_1_195' title='bbox 986 2362 1026 2422; x_wconf 89' lang='grc'><strong><em>33</em></strong></span> <span class='ocrx_word' id='word_1_196' title='bbox 1050 2360 1159 2442; x_wconf 83' lang='lat' dir='ltr'><strong><em>posita</em></strong></span> 
     </span>
     <span class='ocr_line' id='line_1_25' title="bbox 139 2443 1158 2522; baseline 0 -14"><span class='ocrx_word' id='word_1_197' title='bbox 139 2463 236 2517; x_wconf 83' lang='lat' dir='ltr'><strong><em>csse,</em></strong></span> <span class='ocrx_word' id='word_1_198' title='bbox 270 2443 341 2518; x_wconf 88' lang='grc'>155,</span> <span class='ocrx_word' id='word_1_199' title='bbox 365 2443 406 2508; x_wconf 90' lang='grc'><strong><em>29</em></strong></span> <span class='ocrx_word' id='word_1_200' title='bbox 430 2447 544 2510; x_wconf 86' lang='lat' dir='ltr'><strong><em>missos</em></strong></span> <span class='ocrx_word' id='word_1_201' title='bbox 566 2469 660 2522; x_wconf 89' lang='lat' dir='ltr'><strong><em>esse,</em></strong></span> <span class='ocrx_word' id='word_1_202' title='bbox 689 2451 741 2522; x_wconf 88' lang='lat'><strong><em>21,</em></strong></span> <span class='ocrx_word' id='word_1_203' title='bbox 764 2449 807 2509; x_wconf 93' lang='grc'>23</span> <span class='ocrx_word' id='word_1_204' title='bbox 828 2469 963 2511; x_wconf 86' lang='lat' dir='ltr'><strong><em>munera</em></strong></span> <span class='ocrx_word' id='word_1_205' title='bbox 985 2455 1063 2510; x_wconf 90' lang='lat' dir='ltr'><strong><em>tam</em></strong></span> <span class='ocrx_word' id='word_1_206' title='bbox 1085 2467 1158 2509; x_wconf 90' lang='lat' dir='ltr'><strong><em>am·</em></strong></span> 
     </span>
     <span class='ocr_line' id='line_1_26' title="bbox 134 2529 1158 2616; baseline 0.003 -24"><span class='ocrx_word' id='word_1_207' title='bbox 134 2529 290 2615; x_wconf 79' lang='lat' dir='ltr'><strong><em>piissima</em></strong></span> <span class='ocrx_word' id='word_1_208' title='bbox 310 2531 420 2607; x_wconf 86' lang='lat' dir='ltr'><strong><em>missa,</em></strong></span> <span class='ocrx_word' id='word_1_209' title='bbox 443 2530 495 2607; x_wconf 94' lang='grc'><strong><em>27,</em></strong></span> <span class='ocrx_word' id='word_1_210' title='bbox 521 2533 562 2596; x_wconf 91' lang='grc'>38</span> <span class='ocrx_word' id='word_1_211' title='bbox 584 2555 680 2616; x_wconf 89' lang='lat' dir='ltr'><strong><em>neque</em></strong></span> <span class='ocrx_word' id='word_1_212' title='bbox 702 2581 757 2598; x_wconf 88' lang='lat'><strong><em>...</em></strong></span> <span class='ocrx_word' id='word_1_213' title='bbox 781 2535 938 2598; x_wconf 87' lang='lat' dir='ltr'><strong><em>omnino</em></strong></span> <span class='ocrx_word' id='word_1_214' title='bbox 962 2535 1158 2607; x_wconf 86' lang='lat' dir='ltr'><strong><em>coniurasse,</em></strong></span> 
     </span>
     <span class='ocr_line' id='line_1_27' title="bbox 142 2614 1160 2706; baseline 0.002 -26"><span class='ocrx_word' id='word_1_215' title='bbox 142 2614 214 2692; x_wconf 91' lang='grc'>117,</span> <span class='ocrx_word' id='word_1_216' title='bbox 238 2616 281 2680; x_wconf 84' lang='grc'><strong><em>34</em></strong></span> <span class='ocrx_word' id='word_1_217' title='bbox 291 2619 385 2702; x_wconf 85' lang='lat' dir='ltr'><strong><em>same</em></strong></span> <span class='ocrx_word' id='word_1_218' title='bbox 406 2639 529 2701; x_wconf 82' lang='lat' dir='ltr'><strong><em>paene</em></strong></span> <span class='ocrx_word' id='word_1_219' title='bbox 555 2630 787 2706; x_wconf 80' lang='lat' dir='ltr'><strong><em>consumptum,</em></strong></span> <span class='ocrx_word' id='word_1_220' title='bbox 820 2623 873 2694; x_wconf 90' lang='grc'>20,</span> <span class='ocrx_word' id='word_1_221' title='bbox 897 2620 917 2683; x_wconf 91' lang='grc'>9</span> <span class='ocrx_word' id='word_1_222' title='bbox 940 2628 1049 2683; x_wconf 86' lang='lat' dir='ltr'><strong><em>utrum</em></strong></span> <span class='ocrx_word' id='word_1_223' title='bbox 1072 2619 1160 2702; x_wconf 78' lang='lat' dir='ltr'><strong><em>apud</em></strong></span> 
     </span>
     <span class='ocr_line' id='line_1_28' title="bbox 137 2703 1159 2790; baseline 0.001 -23"><span class='ocrx_word' id='word_1_224' title='bbox 137 2723 191 2768; x_wconf 83' lang='lat' dir='ltr'><strong><em>eas</em></strong></span> <span class='ocrx_word' id='word_1_225' title='bbox 207 2703 318 2788; x_wconf 77' lang='lat' dir='ltr'><strong><em>pudor</em></strong></span> <span class='ocrx_word' id='word_1_226' title='bbox 340 2751 370 2767; x_wconf 92' lang='lat'><strong><em>..</em></strong></span> <span class='ocrx_word' id='word_1_227' title='bbox 394 2726 437 2768; x_wconf 88' lang='lat' dir='ltr'><strong><em>an</em></strong></span> <span class='ocrx_word' id='word_1_228' title='bbox 467 2707 564 2770; x_wconf 90' lang='lat' dir='ltr'><strong><em>timor</em></strong></span> <span class='ocrx_word' id='word_1_229' title='bbox 590 2707 681 2790; x_wconf 85' lang='lat' dir='ltr'><strong><em>plus</em></strong></span> <span class='ocrx_word' id='word_1_230' title='bbox 707 2707 832 2782; x_wconf 84' lang='lat' dir='ltr'><strong><em>ualeret,</em></strong></span> <span class='ocrx_word' id='word_1_231' title='bbox 867 2709 962 2780; x_wconf 92' lang='lat'>24,2</span> <span class='ocrx_word' id='word_1_232' title='bbox 993 2705 1159 2773; x_wconf 84' lang='lat' dir='ltr'><strong><em>Valerium</em></strong></span> 
     </span>
     <span class='ocr_line' id='line_1_29' title="bbox 241 2791 1158 2869; baseline 0.003 -17.694"><span class='ocrx_word' id='word_1_233' title='bbox 241 2791 364 2854; x_wconf 85' lang='lat' dir='ltr'><strong><em>mittere</em></strong></span> <span class='ocrx_word' id='word_1_234' title='bbox 385 2800 412 2855; x_wconf 86' lang='lat' dir='ltr'><strong><em>et</em></strong></span> <span class='ocrx_word' id='word_1_235' title='bbox 433 2813 511 2854; x_wconf 92' lang='lat' dir='ltr'><strong><em>una</em></strong></span> <span class='ocrx_word' id='word_1_236' title='bbox 533 2794 579 2855; x_wconf 81' lang='lat' dir='ltr'><strong><em>M.</em></strong></span> <span class='ocrx_word' id='word_1_237' title='bbox 603 2795 747 2869; x_wconf 82' lang='lat' dir='ltr'><strong><em>Metium,</em></strong></span> <span class='ocrx_word' id='word_1_238' title='bbox 780 2793 832 2867; x_wconf 89' lang='lat'><strong><em>98,</em></strong></span> <span class='ocrx_word' id='word_1_239' title='bbox 855 2796 874 2856; x_wconf 92' lang='lat'>2</span> <span class='ocrx_word' id='word_1_240' title='bbox 897 2794 965 2855; x_wconf 91' lang='lat' dir='ltr'><strong><em>nisi</em></strong></span> <span class='ocrx_word' id='word_1_241' title='bbox 987 2840 1018 2855; x_wconf 93' lang='lat'><strong><em>..</em></strong></span> <span class='ocrx_word' id='word_1_242' title='bbox 1041 2793 1158 2855; x_wconf 85' lang='lat' dir='ltr'><strong><em>redda-</em></strong></span> 
     </span>
     <span class='ocr_line' id='line_1_30' title="bbox 138 2877 1156 2961; baseline 0 -21"><span class='ocrx_word' id='word_1_243' title='bbox 138 2884 204 2951; x_wconf 87' lang='lat' dir='ltr'><strong><em>tur,</em></strong></span> <span class='ocrx_word' id='word_1_244' title='bbox 227 2897 295 2940; x_wconf 88' lang='lat' dir='ltr'><strong><em>non</em></strong></span> <span class='ocrx_word' id='word_1_245' title='bbox 323 2898 413 2961; x_wconf 86' lang='lat' dir='ltr'><strong><em>posse</em></strong></span> <span class='ocrx_word' id='word_1_246' title='bbox 445 2877 566 2941; x_wconf 87' lang='lat' dir='ltr'><strong><em>aliter</em></strong></span> <span class='ocrx_word' id='word_1_247' title='bbox 596 2879 728 2943; x_wconf 85' lang='lat' dir='ltr'><strong><em>deorum</em></strong></span> <span class='ocrx_word' id='word_1_248' title='bbox 759 2881 846 2942; x_wconf 88' lang='lat' dir='ltr'><strong><em>imm.</em></strong></span> <span class='ocrx_word' id='word_1_249' title='bbox 869 2899 988 2941; x_wconf 90' lang='lat' dir='ltr'><strong><em>numen</em></strong></span> <span class='ocrx_word' id='word_1_250' title='bbox 1018 2877 1156 2961; x_wconf 83' lang='lat' dir='ltr'><strong><em>placari,</em></strong></span> 
     </span>
     <span class='ocr_line' id='line_1_31' title="bbox 141 2960 1159 3050; baseline -0.001 -23"><span class='ocrx_word' id='word_1_251' title='bbox 141 2960 214 3038; x_wconf 92' lang='grc'>166,</span> <span class='ocrx_word' id='word_1_252' title='bbox 240 2964 279 3026; x_wconf 89' lang='grc'><strong><em>18</em></strong></span> <span class='ocrx_word' id='word_1_253' title='bbox 303 2971 461 3047; x_wconf 82' lang='lat' dir='ltr'><strong><em>repente</em></strong></span> <span class='ocrx_word' id='word_1_254' title='bbox 481 2985 615 3029; x_wconf 88' lang='lat' dir='ltr'><strong><em>suarum</em></strong></span> <span class='ocrx_word' id='word_1_255' title='bbox 636 2967 763 3030; x_wconf 87' lang='lat' dir='ltr'><strong><em>inuocat</em></strong></span> <span class='ocrx_word' id='word_1_256' title='bbox 774 2967 873 3050; x_wconf 77' lang='lat' dir='ltr'><strong><em>fidem</em></strong></span> <span class='ocrx_word' id='word_1_257' title='bbox 898 2965 1003 3047; x_wconf 80' lang='lat' dir='ltr'><strong><em>(abest</em></strong></span> <span class='ocrx_word' id='word_1_258' title='bbox 1023 2975 1159 3027; x_wconf 83' lang='lat' dir='ltr'><strong><em>autem-s</em></strong></span> 
     </span>
     <span class='ocr_line' id='line_1_32' title="bbox 140 3048 1158 3135; baseline 0.002 -24"><span class='ocrx_word' id='word_1_259' title='bbox 140 3048 197 3133; x_wconf 78' lang='lat' dir='ltr'><strong><em>T),</em></strong></span> <span class='ocrx_word' id='word_1_260' title='bbox 237 3051 308 3125; x_wconf 83' lang='grc'>125,</span> <span class='ocrx_word' id='word_1_261' title='bbox 333 3052 372 3114; x_wconf 87' lang='grc'><strong><em>15</em></strong></span> <span class='ocrx_word' id='word_1_262' title='bbox 402 3050 598 3116; x_wconf 72' lang='lat' dir='ltr'><strong><em>Continuo</em></strong></span> <span class='ocrx_word' id='word_1_263' title='bbox 627 3074 781 3134; x_wconf 81' lang='lat' dir='ltr'><strong><em>maqnum</em></strong></span> <span class='ocrx_word' id='word_1_264' title='bbox 808 3074 977 3116; x_wconf 84' lang='lat' dir='ltr'><strong><em>nurnerum</em></strong></span> <span class='ocrx_word' id='word_1_265' title='bbox 996 3052 1158 3135; x_wconf 87' lang='lat' dir='ltr'><strong><em>frumenti</em></strong></span> 
     </span>
     <span class='ocr_line' id='line_1_33' title="bbox 141 3135 1158 3224; baseline 0 -25"><span class='ocrx_word' id='word_1_266' title='bbox 141 3137 197 3216; x_wconf 66' lang='grc'>00.</span> <span class='ocrx_word' id='word_1_267' title='bbox 220 3137 345 3222; x_wconf 82' lang='lat' dir='ltr'><strong><em>diripit,</em></strong></span> <span class='ocrx_word' id='word_1_268' title='bbox 380 3135 432 3211; x_wconf 92' lang='grc'><strong><em>69,</em></strong></span> <span class='ocrx_word' id='word_1_269' title='bbox 458 3136 497 3200; x_wconf 92' lang='grc'><strong><em>16</em></strong></span> <span class='ocrx_word' id='word_1_270' title='bbox 521 3140 692 3202; x_wconf 79' lang='lat' dir='ltr'><strong><em>Accedebat</em></strong></span> <span class='ocrx_word' id='word_1_271' title='bbox 719 3141 790 3214; x_wconf 84' lang='lat' dir='ltr'><strong><em>buc,</em></strong></span> <span class='ocrx_word' id='word_1_272' title='bbox 820 3140 1000 3224; x_wconf 86' lang='lat' dir='ltr'><strong><em>quodiam</em></strong></span> <span class='ocrx_word' id='word_1_273' title='bbox 1022 3139 1059 3200; x_wconf 90' lang='lat' dir='ltr'><strong><em>in</em></strong></span> <span class='ocrx_word' id='word_1_274' title='bbox 1081 3159 1158 3201; x_wconf 88' lang='lat' dir='ltr'><strong><em>con-</em></strong></span> 
     </span>
     <span class='ocr_line' id='line_1_34' title="bbox 141 3221 1158 3310; baseline -0.001 -23"><span class='ocrx_word' id='word_1_275' title='bbox 141 3221 217 3287; x_wconf 82' lang='lat' dir='ltr'><strong><em>cilia</em></strong></span> <span class='ocrx_word' id='word_1_276' title='bbox 239 3271 270 3286; x_wconf 87' lang='lat'><strong><em>..</em></strong></span> <span class='ocrx_word' id='word_1_277' title='bbox 293 3226 434 3299; x_wconf 72' lang='lat' dir='ltr'><strong><em>disserat,</em></strong></span> <span class='ocrx_word' id='word_1_278' title='bbox 470 3224 521 3302; x_wconf 86' lang='grc'>73,</span> <span class='ocrx_word' id='word_1_279' title='bbox 548 3227 586 3288; x_wconf 89' lang='grc'>14</span> <span class='ocrx_word' id='word_1_280' title='bbox 619 3227 738 3289; x_wconf 85' lang='lat' dir='ltr'><strong><em>acriter</em></strong></span> <span class='ocrx_word' id='word_1_281' title='bbox 839 3227 1065 3310; x_wconf 83' lang='lat' dir='ltr'><strong><em>conflinerunt,</em></strong></span> <span class='ocrx_word' id='word_1_282' title='bbox 1100 3225 1158 3287; x_wconf 91' lang='lat' dir='ltr'><strong><em>ita</em></strong></span> 
     </span>
     <span class='ocr_line' id='line_1_35' title="bbox 141 3311 1157 3396; baseline 0 -24"><span class='ocrx_word' id='word_1_283' title='bbox 141 3317 247 3373; x_wconf 88' lang='lat' dir='ltr'><strong><em>tamen</em></strong></span> <span class='ocrx_word' id='word_1_284' title='bbox 267 3318 305 3373; x_wconf 89' lang='lat' dir='ltr'><strong><em>ut</em></strong></span> <span class='ocrx_word' id='word_1_285' title='bbox 323 3322 396 3385; x_wconf 78' lang='lat' dir='ltr'><strong><em>cet,</em></strong></span> <span class='ocrx_word' id='word_1_286' title='bbox 420 3311 509 3387; x_wconf 93' lang='grc'>80,9</span> <span class='ocrx_word' id='word_1_287' title='bbox 531 3321 573 3376; x_wconf 93' lang='lat' dir='ltr'><strong><em>ut</em></strong></span> <span class='ocrx_word' id='word_1_288' title='bbox 594 3313 649 3395; x_wconf 89' lang='lat' dir='ltr'><strong><em>qui</em></strong></span> <span class='ocrx_word' id='word_1_289' title='bbox 669 3312 756 3375; x_wconf 84' lang='lat' dir='ltr'><strong><em>nibil</em></strong></span> <span class='ocrx_word' id='word_1_290' title='bbox 773 3320 846 3376; x_wconf 86' lang='lat' dir='ltr'><strong><em>ante</em></strong></span> <span class='ocrx_word' id='word_1_291' title='bbox 857 3314 1059 3396; x_wconf 77' lang='lat' dir='ltr'><strong><em>prouidisset,</em></strong></span> <span class='ocrx_word' id='word_1_292' title='bbox 1086 3311 1157 3385; x_wconf 89' lang='lat'>133,</span> 
     </span>
     <span class='ocr_line' id='line_1_36' title="bbox 143 3395 1160 3482; baseline 0.001 -24"><span class='ocrx_word' id='word_1_293' title='bbox 143 3396 182 3458; x_wconf 91' lang='grc'>31</span> <span class='ocrx_word' id='word_1_294' title='bbox 208 3395 344 3479; x_wconf 87' lang='lat' dir='ltr'><strong><em>Itaque</em></strong></span> <span class='ocrx_word' id='word_1_295' title='bbox 375 3401 432 3460; x_wconf 88' lang='lat' dir='ltr'><strong><em>sub</em></strong></span> <span class='ocrx_word' id='word_1_296' title='bbox 462 3420 625 3482; x_wconf 83' lang='lat' dir='ltr'><strong><em>uesperum</em></strong></span> <span class='ocrx_word' id='word_1_297' title='bbox 657 3409 730 3474; x_wconf 74' lang='lat' dir='ltr'><strong><em>cet,</em></strong></span> <span class='ocrx_word' id='word_1_298' title='bbox 768 3399 820 3475; x_wconf 89' lang='grc'><strong><em>59,</em></strong></span> <span class='ocrx_word' id='word_1_299' title='bbox 847 3397 886 3463; x_wconf 95' lang='grc'><strong><em>17</em></strong></span> <span class='ocrx_word' id='word_1_300' title='bbox 908 3403 959 3462; x_wconf 85' lang='lat' dir='ltr'><strong><em>At</em></strong></span> <span class='ocrx_word' id='word_1_301' title='bbox 987 3398 1160 3481; x_wconf 80' lang='lat' dir='ltr'><strong><em>Suqambri</em></strong></span> 
     </span>
     <span class='ocr_line' id='line_1_37' title="bbox 141 3484 1160 3569; baseline -0.001 -22"><span class='ocrx_word' id='word_1_302' title='bbox 141 3491 215 3559; x_wconf 73' lang='lat' dir='ltr'><strong><em>cet,</em></strong></span> <span class='ocrx_word' id='word_1_303' title='bbox 240 3485 312 3559; x_wconf 89' lang='lat'>134,</span> <span class='ocrx_word' id='word_1_304' title='bbox 329 3484 370 3548; x_wconf 93' lang='grc'><strong><em>29</em></strong></span> <span class='ocrx_word' id='word_1_305' title='bbox 393 3488 584 3550; x_wconf 71' lang='lat' dir='ltr'><strong><em>Acincum</em></strong></span> <span class='ocrx_word' id='word_1_306' title='bbox 607 3495 678 3559; x_wconf 76' lang='lat' dir='ltr'><strong><em>cet,</em></strong></span> <span class='ocrx_word' id='word_1_307' title='bbox 705 3488 776 3562; x_wconf 92' lang='grc'>101,</span> <span class='ocrx_word' id='word_1_308' title='bbox 801 3486 841 3550; x_wconf 90' lang='grc'>39</span> <span class='ocrx_word' id='word_1_309' title='bbox 864 3494 898 3550; x_wconf 91' lang='lat' dir='ltr'><strong><em>et</em></strong></span> <span class='ocrx_word' id='word_1_310' title='bbox 918 3506 1015 3569; x_wconf 86' lang='lat' dir='ltr'><strong><em>neque</em></strong></span> <span class='ocrx_word' id='word_1_311' title='bbox 1035 3484 1160 3549; x_wconf 88' lang='lat' dir='ltr'><strong><em>bomini</em></strong></span> 
     </span>
     <span class='ocr_line' id='line_1_38' title="bbox 142 3572 1159 3742; baseline -0.001 -22"><span class='ocrx_word' id='word_1_312' title='bbox 142 3573 448 3732; x_wconf 59' lang='lat' dir='ltr'><strong><em>ibidibus?</em></strong></span> <span class='ocrx_word' id='word_1_313' title='bbox 450 3582 587 3735; x_wconf 66' lang='lat'><strong><em>4144</em></strong></span> <span class='ocrx_word' id='word_1_314' title='bbox 610 3575 657 3724; x_wconf 64' lang='lat'><strong><em>0¹?</em></strong></span> <span class='ocrx_word' id='word_1_315' title='bbox 659 3572 1159 3742; x_wconf 57' lang='lat' dir='ltr'><strong><em>{desiisfi‘biidti&#39;iis</em></strong></span> 
     </span>
     <span class='ocr_line' id='line_1_39' title="bbox 143 3741 1159 3830; baseline 0.001 -25"><span class='ocrx_word' id='word_1_316' title='bbox 143 3741 198 3817; x_wconf 87' lang='lat'><strong><em>64,</em></strong></span> <span class='ocrx_word' id='word_1_317' title='bbox 223 3746 262 3807; x_wconf 97' lang='grc'>10</span> <span class='ocrx_word' id='word_1_318' title='bbox 285 3753 319 3808; x_wconf 90' lang='lat' dir='ltr'><strong><em>et</em></strong></span> <span class='ocrx_word' id='word_1_319' title='bbox 340 3745 455 3827; x_wconf 90' lang='lat' dir='ltr'><strong><em>equites</em></strong></span> <span class='ocrx_word' id='word_1_320' title='bbox 476 3753 505 3808; x_wconf 91' lang='lat' dir='ltr'><strong><em>et</em></strong></span> <span class='ocrx_word' id='word_1_321' title='bbox 526 3767 620 3810; x_wconf 88' lang='lat' dir='ltr'><strong><em>naues</em></strong></span> <span class='ocrx_word' id='word_1_322' title='bbox 639 3755 667 3810; x_wconf 92' lang='lat' dir='ltr'><strong><em>et</em></strong></span> <span class='ocrx_word' id='word_1_323' title='bbox 676 3749 880 3830; x_wconf 80' lang='lat' dir='ltr'><strong><em>frumentum</em></strong></span> <span class='ocrx_word' id='word_1_324' title='bbox 892 3748 935 3810; x_wconf 83' lang='lat' dir='ltr'><strong><em>R.</em></strong></span> <span class='ocrx_word' id='word_1_325' title='bbox 951 3746 1062 3818; x_wconf 89' lang='lat' dir='ltr'><strong><em>deesse,</em></strong></span> <span class='ocrx_word' id='word_1_326' title='bbox 1087 3743 1159 3820; x_wconf 90' lang='grc'>126,</span> 
     </span>
     <span class='ocr_line' id='line_1_40' title="bbox 145 3828 1161 3917; baseline 0.002 -25"><span class='ocrx_word' id='word_1_327' title='bbox 145 3828 304 3894; x_wconf 68' lang='grc' dir='ltr'>70100οε</span> <span class='ocrx_word' id='word_1_328' title='bbox 332 3833 455 3895; x_wconf 88' lang='lat' dir='ltr'><strong><em>tendere</em></strong></span> <span class='ocrx_word' id='word_1_329' title='bbox 483 3839 517 3894; x_wconf 90' lang='lat' dir='ltr'><strong><em>et</em></strong></span> <span class='ocrx_word' id='word_1_330' title='bbox 544 3832 732 3896; x_wconf 88' lang='lat' dir='ltr'><strong><em>deditionem</em></strong></span> <span class='ocrx_word' id='word_1_331' title='bbox 759 3834 941 3917; x_wconf 81' lang='lat' dir='ltr'><strong><em>siqnificare</em></strong></span> <span class='ocrx_word' id='word_1_332' title='bbox 962 3840 991 3896; x_wconf 88' lang='lat' dir='ltr'><strong><em>et</em></strong></span> <span class='ocrx_word' id='word_1_333' title='bbox 1007 3831 1161 3915; x_wconf 83' lang='lat' dir='ltr'><strong><em>proiectis</em></strong></span> 
     </span>
     <span class='ocr_line' id='line_1_41' title="bbox 144 3917 1160 4001; baseline 0.002 -22"><span class='ocrx_word' id='word_1_334' title='bbox 144 3917 248 3980; x_wconf 85' lang='lat' dir='ltr'><strong><em>armis</em></strong></span> <span class='ocrx_word' id='word_1_335' title='bbox 268 3925 400 3982; x_wconf 87' lang='lat' dir='ltr'><strong><em>martem</em></strong></span> <span class='ocrx_word' id='word_1_336' title='bbox 427 3919 601 4001; x_wconf 82' lang='lat' dir='ltr'><strong><em>deprecari,</em></strong></span> <span class='ocrx_word' id='word_1_337' title='bbox 630 3918 682 3994; x_wconf 90' lang='grc'><strong><em>98,</em></strong></span> <span class='ocrx_word' id='word_1_338' title='bbox 706 3919 747 3983; x_wconf 91' lang='grc'>38</span> <span class='ocrx_word' id='word_1_339' title='bbox 769 3922 870 3984; x_wconf 88' lang='lat' dir='ltr'><strong><em>rictus</em></strong></span> <span class='ocrx_word' id='word_1_340' title='bbox 891 3921 928 3983; x_wconf 91' lang='lat' dir='ltr'><strong><em>in</em></strong></span> <span class='ocrx_word' id='word_1_341' title='bbox 951 3918 1029 3982; x_wconf 86' lang='lat' dir='ltr'><strong><em>tacte</em></strong></span> <span class='ocrx_word' id='word_1_342' title='bbox 1050 3926 1084 3982; x_wconf 89' lang='lat' dir='ltr'><strong><em>et</em></strong></span> <span class='ocrx_word' id='word_1_343' title='bbox 1105 3938 1160 3983; x_wconf 93' lang='lat' dir='ltr'><strong><em>ca·</em></strong></span> 
     </span>
     <span class='ocr_line' id='line_1_42' title="bbox 142 4002 1163 4082; baseline 0.003 -12"><span class='ocrx_word' id='word_1_344' title='bbox 142 4020 196 4070; x_wconf 76' lang='lat' dir='ltr'><strong><em>m</em></strong></span> <span class='ocrx_word' id='word_1_345' title='bbox 222 4010 257 4068; x_wconf 83' lang='lat' dir='ltr'><strong><em>st</em></strong></span> <span class='ocrx_word' id='word_1_346' title='bbox 282 4024 380 4068; x_wconf 81' lang='lat' dir='ltr'><strong><em>carus</em></strong></span> <span class='ocrx_word' id='word_1_347' title='bbox 407 4005 564 4082; x_wconf 84' lang='lat' dir='ltr'><strong><em>consistit,</em></strong></span> <span class='ocrx_word' id='word_1_348' title='bbox 597 4007 669 4081; x_wconf 81' lang='lat'>103,</span> <span class='ocrx_word' id='word_1_349' title='bbox 695 4004 735 4071; x_wconf 87' lang='grc'><strong><em>16</em></strong></span> <span class='ocrx_word' id='word_1_350' title='bbox 759 4005 897 4072; x_wconf 80' lang='lat' dir='ltr'><strong><em>laborem</em></strong></span> <span class='ocrx_word' id='word_1_351' title='bbox 923 4013 992 4071; x_wconf 85' lang='lat' dir='ltr'><strong><em>aut</em></strong></span> <span class='ocrx_word' id='word_1_352' title='bbox 1012 4002 1084 4070; x_wconf 81' lang='lat' dir='ltr'><strong><em>beili</em></strong></span> <span class='ocrx_word' id='word_1_353' title='bbox 1103 4012 1163 4073; x_wconf 69' lang='lat' dir='ltr'><strong><em>bnt</em></strong></span> 
     </span>
    </p>
   </div>
   <div class='ocr_carea' id='block_1_3' title="bbox 0 0 1330 4492">
    <p class='ocr_par' dir='ltr' id='par_1_3' title="bbox 0 0 1330 4492">
     <span class='ocr_line' id='line_1_43' title="bbox 0 0 1330 4492; baseline 0 0"><span class='ocrx_word' id='word_1_354' title='bbox 0 0 1330 4492; x_wconf 95' lang='lat' dir='ltr'><strong><em> </em></strong></span> 
     </span>
    </p>
   </div>
  </div>
 </body>
</html>
