2616 4492
482 285 532 337 na
553 283 814 338 cmssrormos.
1116 265 1158 334 11

131 423 207 489 silio
224 420 365 508 (etiamsi
379 423 525 489 nonnulla
539 445 644 490 eorum
658 445 697 490 ex
711 426 818 490 vicinis
832 423 970 488 versibus
985 423 1045 487 levi
1066 442 1158 506 opera

132 520 258 593 sumpta
280 510 376 596 sint),
407 531 520 595 neque,
551 514 578 577 si
605 515 645 576 ab
667 514 735 595 ipso
756 521 879 577 aumore
901 510 1016 594 scripta
1038 520 1156 589 essent,

132 599 165 662 in
187 598 289 680 prima
311 598 410 662 classa
432 619 504 664 casu
532 619 568 663 ac
592 601 719 665 lortuito
742 608 850 663 cuncta
872 598 1028 663 excidisse.
1071 598 1158 662 Pau·

131 685 257 748 cissima
279 685 359 748 enim
381 696 454 749 sunt
475 687 520 750 ita
541 697 727 770 comparata,
758 697 792 752 ut
820 706 858 754 ex
878 686 943 763 illa,
964 705 1043 770 quac
1064 705 1159 770 snpra

132 773 291 836 declarata
318 781 376 849 est,
411 773 568 837 meliorum
592 774 726 837 codicum
750 773 977 848 consuetudine,
1008 773 1098 836 lacile
1119 793 1156 838 o·

130 859 229 922 missa
251 858 322 921 siut.
367 857 526 930 Quomodo
550 870 651 924 autem
673 861 705 924 in
726 862 775 924 his
797 860 964 942 particulae
978 861 1156 942 perdantur,

130 946 163 1009 iu
186 946 277 1009 tertio
299 946 398 1027 capite
420 949 604 1011 ostendetur.
648 946 798 1019 Quamvis
826 948 917 1030 igitur
939 947 1094 1028 complura
1115 947 1156 1012 il·

131 1033 229 1096 lorum
262 1034 426 1096 admodum
460 1034 633 1098 tolerabilia
665 1035 736 1110 siut,
770 1036 882 1116 partim
910 1053 1015 1097 omnes
1042 1036 1105 1097 lere
1127 1043 1158 1097 et

81 1169 96 1201 ,
130 1119 274 1202 antiquos
303 1129 334 1182 et
364 1121 547 1185 novissimos
576 1121 706 1186 editores
728 1121 897 1197 inlexerint‚
926 1131 1029 1183 tamen
1052 1131 1158 1202 aperta

130 1207 238 1271 frande
261 1206 472 1272 nonnullorum
495 1208 629 1272 locorum
652 1216 743 1291 atque
766 1208 968 1272 adiectionnm
987 1207 1019 1270 in
1033 1208 1157 1272 univer·

131 1313 200 1357 snm
228 1293 413 1370 condicione,
441 1314 667 1378 nonnumquam
695 1295 764 1376 ipsa
791 1294 996 1376 discrepantia
1022 1295 1157 1358 codicum

130 1399 300 1456 monemur,
329 1387 363 1442 nt
390 1382 492 1444 omnia
518 1392 659 1463 suspecta
680 1382 847 1445 habeamus
869 1400 929 1445 nen
951 1400 1011 1462 qna
1032 1381 1063 1443 in
1086 1400 1158 1444 ora·
1187 1443 1188 1446 ,

130 1467 247 1530 tionem
274 1466 430 1548 scriptoris
453 1469 633 1551 recipiamus
656 1469 715 1532 nisi
737 1488 814 1550 qnae
844 1468 1005 1550 aptissima
1026 1476 1081 1531 ant
1102 1487 1157 1531 ne-

130 1553 268 1617 cessaria
295 1553 358 1616 siut
385 1556 548 1638 eademque
575 1555 621 1619 ita
647 1556 816 1630 conlocata,
843 1565 878 1620 nt
899 1553 999 1618 omitti
1020 1555 1157 1636 potuisse

130 1640 299 1704 videantur.

195 1792 236 1857 II.
270 1793 308 1857 In
329 1793 425 1858 variis
448 1813 485 1857 ac
506 1796 635 1859 diversis
655 1797 757 1859 verbis
773 1805 805 1859 et
819 1795 945 1878 syllabis
960 1793 1082 1858 omuino
1098 1794 1158 1858 ali·

132 1901 194 1963 qua
216 1881 402 1944 obscuritate
424 1882 472 1944 vel
495 1883 665 1964 scripturae
686 1882 736 1945 vel
758 1882 801 1945 r'ei
824 1882 948 1945 effectae
969 1889 1041 1943 sunt
1062 1880 1157 1946 omm-

133 1968 246 2038 sioues.
291 1965 383 2040 Quod
409 1968 441 2030 in
470 1969 650 2051 quibusdam
671 1968 832 2051 praecipue
855 1970 945 2032 rebus
967 1969 1080 2031 lactum
1102 1977 1157 2032 est

200 2070 228 2135 1.
263 2070 446 2152 Scriptionis
469 2073 646 2155 compendia
668 2074 816 2154 quaedam
838 2082 892 2134 ant
913 2071 1036 2153 saepius
1058 2071 1159 2134 deleta

135 2166 208 2221 sunt
240 2168 296 2221 aut
329 2177 348 2220 a
375 2158 506 2222 librariis
535 2160 632 2223 minus
654 2159 816 2222 intellecta
860 2156 952 2229 Quod
972 2158 1004 2220 in
1026 2158 1158 2222 nument

134 2244 185 2307 vel
214 2243 295 2307 linea
323 2265 417 2325 supra
444 2247 536 2309 ducta
563 2247 612 2308 vel
632 2267 660 2307 m
683 2246 823 2329 adposito
855 2244 1007 2327 designari
1039 2245 1160 2309 solebat

135 2327 232 2395 milia
253 2331 376 2393 evanuit
399 2333 450 2408 32,
476 2333 527 2408 153
552 2331 624 2409 117,
647 2332 701 2408 41;
726 2331 798 2409 135,
820 2334 875 2408 22;
905 2330 978 2408 137,
1000 2331 1054 2407 40;
1085 2331 1157 2408 144,
1276 2391 1279 2398 .

134 2415 188 2481 26.
218 2415 283 2502 (Ol.
296 2418 339 2482 A.
355 2431 392 2481 11.
408 2418 464 2503 3.).
501 2419 537 2485 11
560 2430 660 2483 utrum
683 2431 755 2483 ante
776 2440 818 2483 an
839 2428 910 2502 post
931 2436 1088 2482 nnmerum
1109 2420 1159 2501 ip·

133 2523 202 2567 sum
234 2505 425 2568 scribendum
459 2507 509 2582 sit,
544 2526 772 2588 nonnumquam
809 2506 932 2569 dubium
969 2506 1068 2568 visum
1101 2514 1158 2568 est

136 2591 208 2667 140,
231 2591 274 2655 42
302 2600 394 2674 atque
420 2593 492 2670 146,
517 2594 558 2656 38
581 2594 786 2676 discrepantia
812 2603 861 2656 est
889 2592 1033 2666 codicum,
1062 2610 1159 2675 neque

132 2677 165 2740 in
186 2677 291 2741 verbis
312 2679 371 2742 rite
392 2681 612 2761 perscribendis
640 2681 861 2744 contemnenda
882 2690 929 2744 cst
950 2681 1099 2744 secundae
1120 2679 1158 2742 cl

132 2763 308 2828 auctoritas.
802 2824 804 2832 .

198 2850 305 2915 Verba
324 2850 451 2932 passiva
472 2850 505 2914 in
528 2858 583 2914 tor
605 2852 776 2915 desinentia
797 2851 841 2913 ita
862 2850 952 2932 vulgo
974 2853 1055 2915 notis
1076 2851 1159 2915 exci-

135 2937 305 3019 piebantur,
334 2946 369 3000 ut
390 2937 493 3000 littera
513 2959 534 3000 r
555 2958 646 3020 super
668 2946 680 3000 1
703 2937 750 3022 (in
772 2939 852 3000 huuc
872 2939 934 3000 lere
956 2939 1092 3001 modum:
1120 2933 1158 3025 i)

134 3025 237 3105 posita
257 3024 471 3103 scriberentur,
495 3043 554 3104 qua
575 3026 695 3106 perdita
715 3026 821 3088 notula
835 3024 962 3105 passiva
975 3026 1073 3088 forma
1086 3027 1158 3089 red·

135 3109 173 3173 iit
199 3111 232 3174 iu
261 3111 410 3174 activam:
445 3122 479 3174 ut
500 3111 531 3174 iu
553 3112 734 3192 quibusdam
756 3111 843 3174 libris
868 3112 940 3184 112,
963 3112 1004 3177 32
1026 3112 1158 3190 cidara

135 3197 189 3273 45,
211 3197 251 3262 41
276 3198 447 3262 adiiciebat
467 3198 612 3279 scriptum
634 3207 691 3262 est
739 3198 821 3262 Illud
840 3197 1012 3262 etiamnunc
1025 3198 1056 3263 in
1076 3199 1158 3264 mul-

134 3284 177 3348 tis
200 3293 248 3346 est
269 3284 461 3359 editionibus,
492 3285 564 3368 quin
592 3285 685 3349 etiam
712 3284 854 3350 viderem
879 3284 952 3349 olim
973 3285 1069 3350 inisse
1091 3284 1158 3351 Ou-

134 3370 313 3453 dendorpio·
327 3371 483 3453 probabile
511 3373 608 3436 visum
638 3382 696 3447 est,
725 3373 975 3454 quemadmodum
997 3373 1055 3436 hoc
1075 3371 1158 3437 anti·
1276 3444 1282 3461 Ι

135 3457 274 3540 quissimi
307 3458 438 3522 editores
468 3459 500 3522 in
528 3459 721 3524 adiiciebant
741 3467 1011 3522 commutaverunt
1055 3459 1158 3525 Acco·

136 3545 214 3607 dunt
235 3545 374 3626 exeurpla
395 3543 507 3621 85,17
527 3547 696 3628 accusarit,
722 3546 794 3620 101,
809 3545 849 3609 21
866 3545 1060 3629 diffundant,
1084 3547 1157 3622 112,

135 3631 346 3715 Sparseraat
367 3631 434 3706 TU,
467 3631 522 3708 84,
546 3633 587 3697 32
610 3633 772 3715 1111115911
797 3631 869 3706 UH,
902 3631 956 3708 99,
981 3632 1022 3699 14
1043 3632 1158 3698 aaa

134 3724 236 3793 amat,
260 3719 295 3780 cf.
320 3717 373 3793 98,
397 3717 439 3781 37
460 3719 635 3785 adsisteret.
679 3717 882 3792 Quamobrem
905 3719 933 3782 ai
958 3719 1157 3792 1531011-

135 3803 356 3873 terminandae·
376 3805 449 3880 fnit,
478 3806 560 3886 qnod
581 3807 702 3888 quidem
723 3813 829 3868 tenent
851 3806 918 3869 edd.
940 3807 1073 3888 primae,
1097 3825 1157 3869 non

133 3899 261 3971 praeter¹
276 3892 522 3957 consuetudinem
537 3893 569 3955 11
582 3892 800 3959 intercalabant
811 3893 924 3956 lactum
940 3901 996 3956 est
1040 3892 1157 3956 Eodem

135 3977 227 4043 mono
243 3978 316 4054 rso,
335 3978 376 4044 10
389 3977 604 4071 maasia
618 3978 814 4055 accusent
834 3977 967 4047 oenum
985 3987 1173 4063 maome.
