2616 4492
407 283 478 328 um.
494 282 527 327 ν.
552 282 628 364 cap.
640 266 783 329 -17-22.
1073 268 1113 331 75

150 419 276 480 Interim
305 419 524 495 Trinobantes,
558 439 653 500 prope
681 420 856 482 firmissima
883 441 986 484 earum
1014 423 1158 503 regio-20

87 523 159 566 num
193 505 316 577 civitas,
351 525 389 567 ex
416 526 476 586 qua
502 508 738 568 Mandubratius
766 508 943 570 adolescens
972 508 1115 572 Caesaris

87 591 176 652 fidem
199 600 321 652 secutus
344 593 383 652 ad
407 611 475 652 eum
497 594 528 653 in
551 592 753 654 continentem
770 592 903 654 Galliam
918 604 1053 670 venerat,
1071 630 1114 643 -

87 677 170 738 cuius
193 686 282 756 pater
309 677 341 738 iu
370 698 407 738 ea
434 677 556 739 civitate
579 698 701 759 regnum
726 680 899 740 obtinuerat
921 681 1114 743 interiectus-

87 782 145 842 que
169 773 236 824 erat
258 783 278 823 a
300 763 547 837 Cassivellaun03
571 765 636 844 ipse
658 765 729 845 luga
744 774 871 826 mortem
887 767 1050 840 vitaverat,
1072 791 1143 829 -s

88 850 206 929 legatos
230 851 269 911 ad
293 849 455 910 Caesarem
479 851 602 911 mittunt
624 851 862 931 pollicenturque
885 873 952 913 sese
979 853 1006 914 ei
1029 853 1115 914 dedi-

87 944 172 996 turos
195 945 288 1014 atque
310 937 461 1015 imperata
481 938 630 1009 factur0s3
664 945 787 1016 petunt,
811 947 846 998 ut
868 939 1115 1000 Mandubratium

88 1023 128 1083 ab
155 1021 266 1082 iniuria
289 1021 510 1083 Cassivellauni
534 1024 676 1084 defendat
698 1032 790 1102 atque
811 1023 842 1082 in
865 1024 1020 1085 civitatem
1044 1025 1116 1086 mit-

87 1115 151 1181 tat,
187 1108 238 1187 qui
264 1109 381 1186 praesit
407 1109 625 1189 imperiumque
653 1110 799 1171 obtineat.
854 1110 896 1170 Iis
920 1110 1036 1172 Caesar
1056 1111 1117 1172 im-

88 1201 177 1273 perat
199 1194 320 1255 obsides
343 1209 392 1255 xL
416 1196 656 1275 frumentumque
673 1196 825 1269 exercitui,
849 1197 1116 1259 Mandubratium-
1132 1221 1160 1259 ro

88 1299 145 1360 que
169 1281 208 1341 ad
231 1299 283 1341 eos
307 1280 407 1342 mittit.
452 1281 501 1342 Illi
524 1282 672 1360 imperata
694 1282 831 1348 celeriter
852 1284 1002 1358 feceruut,
1032 1284 1116 1346 obsi-

89 1368 143 1428 des
167 1367 207 1427 ad
229 1386 386 1427 numerum
407 1369 649 1448 frumentumque
672 1368 826 1430 miserunt.

154 1453 392 1513 Trinobantibus
421 1454 552 1514 defensis
575 1463 666 1533 atque
690 1455 728 1515 ab
752 1455 833 1515 omni
856 1454 985 1517 militum
1007 1454 1158 1517 iniuriam

88 1538 247 1618 prohibitis
263 1537 450 1618 Cenimagni,
474 1538 656 1619 Segontiaci,
681 1540 849 1613 Ancalites,
872 1541 1003 1615 Bibroci,
1028 1541 1117 1602 Cassi

90 1625 288 1704 legationibus
316 1625 419 1685 missis
447 1644 514 1686 sese
547 1625 673 1686 Caesari
701 1628 823 1687 dedunt.
868 1625 920 1687 Ab
943 1627 980 1687 iis
1003 1645 1116 1705 coguo-
1132 1649 1159 1687 ra
1192 1650 1201 1671 2

90 1711 148 1772 scit
175 1730 235 1772 uon
263 1712 350 1790 longe
378 1729 417 1771 ex
444 1730 479 1771 eo
502 1711 566 1771 loco
590 1711 733 1790 oppidum
761 1712 983 1773 Cassivellauni
1009 1712 1117 1773 abesse

90 1797 176 1858 silvis
200 1796 420 1876 paludibusque
442 1797 607 1868 munitum,
631 1816 690 1876 quo
715 1797 790 1859 satis
812 1816 939 1875 maguus
961 1797 1117 1858 hominum

89 1883 263 1963 pecorisque
285 1897 427 1944 numerus
450 1883 632 1944 convenerit.
678 1881 829 1961 Oppidum
854 1892 954 1944 autem
977 1883 1118 1944 Britanni

90 1978 216 2043 vocant,
240 1988 307 2030 cum
330 1969 425 2029 silvas
447 1969 607 2049 impeditas
627 1969 709 2030 vallo
725 1978 816 2048 atque
831 1970 915 2030 fossa
931 1970 1117 2045 munierunt,

90 2074 148 2135 quo
181 2055 359 2115 incursionis
394 2055 527 2116 hostium
561 2054 705 2115 vitandae
738 2074 831 2115 causa
858 2055 1017 2116 convenire
1045 2074 1118 2116 con-
1132 2078 1162 2117 ao

89 2149 223 2202 auemnt.
266 2141 313 2202 Eo
347 2141 547 2220 proficiscitur
574 2160 640 2202 curn
669 2139 851 2222 legionibus;
885 2141 982 2202 locum
1006 2140 1119 2219 reperit

90 2227 206 2307 egregie
229 2236 339 2288 natura
360 2236 453 2307 atque
476 2247 565 2307 opere
590 2227 751 2299 munitum;
775 2235 877 2287 tamen
900 2227 980 2287 bunc
1000 2227 1117 2288 duabus

91 2333 128 2374 ex
156 2313 293 2392 partibus
322 2332 495 2393 oppugnare
523 2313 686 2376 contendit.
736 2314 852 2374 Hostes
875 2312 1029 2391 paulisper
1050 2330 1118 2373 mo-

91 2399 150 2460 rati
174 2399 302 2460 militum
325 2409 497 2461 nostrorum
521 2401 665 2479 impetum
688 2418 747 2460 non
765 2399 899 2459 tulerunt
915 2417 1042 2477 seseque
1057 2394 1119 2459 alia

91 2504 129 2546 ex
161 2495 249 2565 parte
277 2486 379 2565 oppidi
407 2485 566 2546 eiecerunt.
616 2486 747 2565 Magnus
771 2485 812 2546 ibi
835 2505 978 2546 numerus
1002 2483 1119 2564 pecoris
1132 2507 1161 2545 zu

90 2582 245 2649 repertus,
280 2571 423 2652 multique
456 2572 487 2632 iu
514 2573 586 2651 iuga
612 2583 685 2632 sunt
710 2571 921 2650 comprehensi
949 2583 1040 2651 atque
1067 2569 1118 2631 in-

91 2658 219 2718 teriecti.
278 2706 281 2713 .
1106 2676 1110 2683 ’

155 2744 236 2803 Dum
258 2742 334 2802 haec
348 2740 380 2801 in
395 2741 433 2802 iis
449 2741 521 2803 locis
538 2752 691 2823 geruntur,
715 2741 964 2803 Cassivellaunus
981 2743 1021 2804 ad
1033 2739 1118 2803 Can·
1128 2746 1162 2795 22

92 2828 182 2900 tium,
211 2828 291 2906 quod
314 2845 382 2886 esse
405 2828 445 2887 ad
467 2847 550 2888 mare
573 2847 668 2907 supra
689 2829 980 2903 demonstravimus,
1009 2826 1118 2907 quibos

93 2912 265 2991 regionibus
293 2919 437 2990 quattuor
464 2931 551 2990 reges
578 2921 758 2991 praeerant,
789 2912 977 2992 Cingetorix,
1008 2913 1119 2974 Carvi-
1133 2936 1163 2975 so

93 2999 166 3071 lius,
191 2995 425 3075 Taximagulus,
450 2995 603 3074 Segouax,
627 2997 749 3060 nuntios
772 2999 866 3058 mittit
888 3008 979 3077 atque
1001 2999 1039 3059 iis
1059 2997 1119 3059 im-

93 3091 196 3165 perat,
230 3082 275 3144 nti
304 3080 418 3142 coactis
446 3081 585 3143 omnibus
613 3083 707 3161 copiis
728 3092 833 3144 castra
855 3083 978 3143 navalia
1000 3084 1037 3144 de
1060 3083 1120 3144 im-

91 3171 215 3250 proviso
248 3166 428 3228 adoriantur
460 3175 552 3246 atque
586 3177 768 3247 oppugnent
817 3168 932 3230 Iicum
956 3169 996 3229 ad
1018 3176 1121 3229 castra

94 3257 265 3327 venissent,
289 3252 386 3313 nostri
409 3252 565 3332 eruptione
586 3254 669 3314 facta
692 3254 795 3315 multis
817 3273 921 3314 eorum
943 3253 1119 3326 interiectis,

93 3351 181 3420 capto
215 3338 308 3400 etiarn
337 3338 430 3399 nobili
458 3340 531 3399 duce
552 3339 751 3419 Lugotorige,
787 3358 858 3399 suos
880 3339 1045 3400 incolumes
1068 3356 1120 3399 rc·
1134 3363 1163 3402 aa

92 3429 251 3489 duxerunt
297 3423 547 3486 Cassivellaunus
573 3424 630 3486 hoc
656 3425 771 3504 proelio
793 3424 933 3485 nuntiato
957 3432 1004 3484 tot
1026 3423 1121 3485 detri-

93 3513 203 3574 mentis
227 3511 372 3590 acceptis‚
397 3511 528 3572 vastatis
550 3511 676 3585 finibus,
701 3510 831 3571 maxime
854 3509 946 3571 etiam
969 3517 1120 3588 permotus

94 3599 260 3661 deiectione
283 3596 456 3669 civitatum,
481 3598 595 3676 legatos
618 3616 673 3676 per
694 3596 876 3658 Atrebatem
899 3595 1067 3656 Commium
1081 3595 1121 3656 de

93 3685 245 3747 deditione
268 3684 308 3744 ad
330 3683 495 3744 Caesarem
518 3683 617 3743 mittit.
663 3683 788 3755 Caesar,
818 3699 884 3742 cum
914 3680 1121 3742 constituisset

93 3771 227 3832 hiemare
260 3769 292 3830 in
320 3769 486 3830 continenti
513 3779 638 3848 propter
664 3768 837 3848 repentinos
860 3766 981 3828 Galliae
1002 3775 1120 3842 motus,
1135 3793 1166 3830 ro

94 3875 190 3936 neque
217 3855 346 3916 multum
375 3855 503 3916 aestatis
531 3863 703 3934 superesset
725 3863 816 3933 atque
838 3853 869 3914 id
891 3852 980 3915 facile
1002 3854 1122 3918 extrahi

95 3960 186 4020 posse
207 3941 410 4022 intellegeret,
434 3941 554 4002 obsides
576 3942 707 4021 imperat
729 3949 776 4011 et,
801 3939 873 4019 qnid
895 3940 927 4003 in
942 3959 1039 4003 annos
1055 3939 1121 4003 siu-
