2616 4492
138 303 187 373 oo
501 318 617 373 maor
639 318 809 383 resnou.

135 481 318 544 permoveor,
354 461 392 525 in
429 462 605 529 amicitiam
627 467 832 544 oopaoueroi,
869 479 945 541 quae
973 457 1162 539 aliquamdiu

139 549 265 629 scriptio
294 557 342 611 est
371 549 579 629 comprobata.
624 548 754 628 Saepius
787 556 879 628 atque
912 546 1051 626 inprimis
1085 547 1162 607 sub-

137 636 274 698 stantivo
295 636 499 716 subsequente
522 637 644 698 dativus
666 637 697 698 iu
720 635 886 717 genitivum
909 643 1068 711 corruptus
1092 640 1158 706 est,
1199 632 1203 646 '

136 731 171 785 ut
192 722 306 784 habeut
328 722 417 785 PRV
440 721 528 796 66,8
550 722 669 784 hiantia
690 722 930 803 noaiputionam
943 719 1163 782 subiciendum

136 830 204 873 non
218 809 435 882 occidimini,
459 828 535 890 quae
556 809 736 888 depravatio
753 809 883 870 nominis
898 809 927 869 in
944 807 1063 884 longum
1080 815 1162 866 tenu·

136 917 193 977 pus
226 899 324 958 traxit
357 897 474 958 ruinam
507 894 593 956 verbi
627 895 821 975 insequentis.
857 895 908 968 45,
932 895 973 955 35
1002 892 1082 955 dom
1109 891 1161 955 lvio

136 984 276 1047 nauibus
303 990 432 1046 nostroe
460 979 583 1043 oloaoio
611 982 766 1043 eiusmodi
790 1000 978 1064 conpressus
1002 984 1072 1040 erat
1093 977 1160 1049 PR,

136 1070 188 1139 84.
214 1069 255 1133 34
290 1069 419 1131 Avertit
444 1068 496 1130 lvio
524 1087 618 1154 ooaaa
640 1069 796 1148 napinam
818 1075 846 1130 et
865 1066 1010 1150 pladiani
1033 1064 1162 1128 edocere

136 1156 292 1220 conantia
313 1154 460 1216 deutrum
483 1160 630 1216 moratur
652 1175 785 1216 monum
807 1154 877 1218 RV.
906 1154 985 1216 lllud
1001 1151 1078 1231 rugit
1092 1152 1161 1215 edi·

136 1255 236 1316 tores,
260 1242 317 1303 hoo
341 1240 380 1301 ab
404 1240 559 1314 omnibus,
583 1239 633 1320 qui
656 1251 728 1302 anto
752 1239 998 1320 Oudendorpiiun
1021 1241 1158 1313 fuerunt,

135 1340 288 1409 receptum
312 1338 374 1398 est,
401 1333 509 1406 postea
533 1345 604 1387 vero
628 1346 646 1387 a
670 1328 787 1389 nemine
812 1327 1042 1390 Gennanorum.
1088 1325 1161 1387 Etsi

134 1415 187 1490 86,
211 1418 231 1477 4
253 1413 292 1475 ob
315 1432 331 1473 a
354 1413 488 1491 spurium
512 1415 657 1492 scripturn
682 1433 750 1474 esse
773 1414 893 1476 videtur
907 1413 1088 1476 commonia
1102 1433 1158 1474 aa·

134 1501 211 1564 lotia
243 1497 405 1561 nouitium
435 1499 511 1576 (vid.
535 1518 600 1578 cap.
622 1513 657 1562 11.
681 1501 720 1562 A.
736 1515 757 1561 1.
778 1503 835 1578 2.),
866 1514 967 1562 tarnen
997 1498 1044 1560 vel
1075 1498 1161 1560 nulla

134 1588 197 1650 alia
219 1585 380 1647 accedente
402 1603 494 1646 causa
519 1587 557 1646 ad
581 1605 689 1647 nitrien
712 1585 869 1648 seruilium
885 1588 1070 1665 subsequens
1086 1586 1158 1664 tingi

134 1675 270 1754 putuisse
294 1672 458 1752 genitivum
483 1691 521 1732 ex
545 1673 668 1753 reliquis
692 1685 819 1751 apparet
838 1674 994 1752 exernplis.
1025 1671 1158 1734 Utcum-

134 1780 190 1841 que
213 1759 286 1830 erit‚
311 1758 461 1839 genitivus
485 1770 567 1820 certe
591 1770 637 1820 est
662 1762 880 1839 repudiandus3
905 1778 963 1820 non
987 1758 1064 1820 enirn
1082 1759 1158 1820 bene

134 1846 228 1907 latine
257 1845 368 1906 dicitur
396 1843 512 1907 solertia
541 1843 710 1908 auaitum.
754 1847 814 1908 Est
836 1847 865 1908 in
891 1846 976 1908 Plan
1002 1845 1158 1924 plurimis,-

133 1934 189 2013 que
221 1932 405 1993 editionibus
441 1933 517 2006 113,
542 1935 581 1994 22
609 1933 718 2014 pontis
746 1941 837 2015 atqua
869 1933 1021 1995 itinerum
1052 1952 1157 2013 onpo-

131 2019 211 2080 etioe
232 2016 461 2081 nndtitndinia
474 2021 592 2100 sapum
617 2018 878 2090 intercluserunt,
903 2020 982 2099 quod
999 2019 1103 2080 eodeni
1122 2037 1158 2080 ne

132 2105 207 2166 vitio
232 2105 351 2167 laboret
373 2124 554 2186 magnopere
578 2125 692 2167 vereor.
738 2107 898 2186 Respuunt
919 2106 1083 2177 uenitivunr
1110 2105 1158 2167 hio

133 2203 162 2252 et
186 2193 294 2252 ceteris
319 2191 391 2253 locis
415 2193 480 2253 cdd.
505 2211 564 2253 sec.
589 2193 644 2266 cl,
674 2213 691 2252 a
716 2194 824 2273 quibus
850 2194 920 2254 lieet
944 2192 989 2252 ita
1011 2203 1158 2253 caveatur

132 2278 162 2339 in
191 2276 282 2338 sirili
315 2297 346 2337 re
376 2278 469 2344 nihilo
505 2280 602 2340 ninus
625 2279 766 2341 delictum
791 2281 984 2341 coturnissutn
1009 2290 1058 2338 eat
1085 2276 1155 2352 128,

133 2363 191 2435 31,
226 2363 276 2424 ubi
307 2360 480 2445 lapioniqna
507 2363 718 2428 decimae...
741 2367 836 2447 alpad
865 2366 1042 2435 constituit,
1078 2365 1157 2444 quod

132 2457 217 2510 tenet
241 2448 334 2528 prinrn
360 2451 407 2520 cl,
431 2452 460 2510 in
484 2447 686 2532 lepionioque
707 2473 758 2511 a..
775 2498 807 2512 ..
830 2451 923 2532 oipno
947 2451 1156 2513 constiterunt

132 2536 163 2597 hi
187 2554 241 2596 con
256 2545 402 2596 vnutatuui
427 2535 549 2596 habent.
594 2537 629 2598 ld
652 2538 690 2597 ab
708 2538 790 2600 Alo'o
807 2541 967 2617 probatum
986 2539 1061 2616 (nisi
1078 2539 1159 2619 quod¹

132 2621 296 2684 constitere
326 2623 422 2699 inopis
452 2623 479 2683 ei
503 2623 632 2701 placuit)
658 2624 791 2685 obtinuit
814 2627 894 2704 apud
918 2637 1078 2704 sequentes
1102 2643 1156 2684 us·

132 2726 193 2788 que*
215 2709 253 2769 ad
275 2707 512 2788 Nipperdeiu1n3
543 2729 561 2770 a
585 2730 642 2790 quo
667 2711 719 2772 vix
743 2712 902 2773 restitutus
926 2724 992 2772 erat
1016 2712 1156 2786 dativus,

132 2813 198 2855 curn
227 2796 265 2856 ad
295 2796 458 2873 genitiqun
488 2796 540 2857 alii
565 2808 764 2859 reverterunt.
808 2799 912 2860 Etiam
935 2796 1155 2859 nominativum

132 2899 151 2940 a
175 2900 228 2942 suo
252 2883 345 2943 verbo
370 2892 515 2944 remotum
539 2882 670 2945 alienum
694 2885 733 2946 ad
757 2905 790 2946 se
813 2887 910 2946 traxit
925 2883 1060 2946 verboru.
1098 2885 1157 2945 Est

132 2968 211 3029 enim
243 2969 272 3029 in
301 2968 390 3031 PRA
417 2969 487 3030 aliis
521 2970 590 3044 113,
618 2969 742 3032 18-20
776 2971 849 3048 Quo
870 2992 905 3032 ra
922 2991 984 3052 per
1006 2968 1158 3053 exploro-

133 3060 216 3116 tores
243 3056 394 3118 nuntiato
423 3058 552 3118 ooesori
581 3055 719 3138 lapionaa
817 3058 1012 3119 intromittit.
1064 3057 1156 3120 Cavit

132 3140 161 3202 id
186 3144 322 3204 nuendum
340 3144 472 3205 secunda
488 3143 535 3214 ol,
562 3144 615 3205 alii
630 3145 687 3206 luit
702 3144 849 3206 obnoxia:
873 3164 942 3205 nanu
962 3146 1032 3218 123,
1049 3143 1156 3206 8-10

137 3228 208 3306 Quia
237 3249 272 3292 ro
295 3229 421 3312 coquito
443 3250 464 3293 a
487 3230 752 3313 uerrinpotoeipe
774 3278 855 3292 ....
880 3232 1065 3311 iterfacite
1088 3252 1156 3294 coe-

131 3315 180 3398 pit
202 3318 347 3396 scripturn
369 3325 425 3379 est.
458 3316 674 3388 111,12-14
696 3319 725 3380 in
750 3319 815 3380 cdd.
833 3318 919 3398 louge
942 3318 1082 3399 plurimis
1106 3327 1155 3380 at-

132 3421 189 3482 que
212 3401 243 3465 in
267 3402 406 3465 omnibus
429 3404 497 3466 edd.
513 3403 588 3465 haec
611 3404 765 3485 leguntur:
789 3405 857 3469 Hia
871 3407 964 3467 reboo
979 3408 1016 3468 in
1030 3401 1157 3468 italiam

132 3489 263 3553 ooeaari
290 3489 450 3571 nuntiatis
466 3535 473 3552 .
490 3536 521 3553 ..
551 3491 587 3552 ia
615 3490 855 3575 transalpinum
874 3490 1009 3573 pollione
1029 3493 1156 3574 proseu-

133 3581 184 3638 111
206 3582 268 3651 eat,·
292 3593 387 3656 neque
409 3595 480 3638 vero
503 3575 533 3638 in
556 3576 617 3640 UH
641 3579 766 3641 coeaori
788 3587 856 3654 est,
880 3579 934 3640 sed
957 3599 1076 3643 aaaron.
1111 3577 1155 3641 Ut

133 3660 276 3724 lucillinre
306 3661 363 3722 hoo
392 3661 457 3725 looo
488 3662 517 3724 in
541 3663 677 3725 dativum
701 3665 908 3729 nominativus
931 3675 1065 3728 mutatus
1090 3672 1153 3738 est,

133 3747 178 3808 ita
205 3748 233 3809 in
257 3748 320 3810 ullo
343 3749 445 3810 codice
468 3758 575 3810 contra
600 3752 714 3813 tactum
737 3771 804 3812 esse
829 3773 848 3814 a
869 3752 933 3813 vnri
956 3752 1154 3813 similitudine

134 3832 286 3896 abhorret.
330 3834 437 3914 Itaque
460 3836 553 3896 etiarn
576 3837 656 3898 iuter
671 3838 825 3901 ablativos
840 3839 997 3901 absolutos
1012 3841 1154 3909 nomina„-

134 3918 227 3995 tivum
252 3921 479 3999 praeferendum
502 3941 570 3984 esse
593 3924 708 4002 putavi.

219 4002 386 4093 Quomodo„
413 4006 509 4077 verba
540 4008 580 4087 ad
608 4011 736 4107 effigiem
770 4011 900 4099 alioqum,
929 4010 1043 4087 indepta
1075 4011 1154 4089 sirit,
