2616 4492
383 277 453 322 arn.
470 275 506 322 11.
529 274 606 322 cnr.
624 257 760 324 12-17.
1040 256 1084 320 33

121 413 233 476 Eorum
266 413 342 475 lines
369 413 477 476 Nervii
505 413 705 494 attingebant
752 411 886 482 Quorum
915 413 952 474 de
973 422 1083 478 natura

57 500 251 580 moribusque
274 500 391 563 Caesar
413 520 478 561 cum
495 509 667 580 quaereret,
691 500 734 562 sio
752 499 934 579 reperiebat:
957 499 1083 564 Nullum

57 587 174 649 aditum
197 606 264 648 esse
286 588 326 648 ad
347 606 399 648 eos
422 587 654 660 mercatoribus,
677 585 752 648 nihil
775 587 840 665 pati
862 585 926 647 vini
947 586 1081 667 reliqua-

56 694 181 754 rumque
208 692 309 734 rerum
336 673 454 748 inferri,
489 674 568 754 quod
594 673 632 734 iis
655 674 745 734 rebus
767 672 990 752 relanguescere
1012 674 1081 736 ani-

59 779 126 822 mos
151 779 252 821 eorum
276 768 307 820 et
329 759 440 821 remitti
455 758 598 821 virtutem
614 759 840 832 existimarent;
864 777 931 819 esse
945 758 1110 823 hominess

57 848 137 908 ieros
160 865 347 926 magnaeque
368 845 505 918 virtutis,
532 845 712 926 increpitare
740 854 829 925 atque
851 844 989 906 incusare
1010 847 1082 909 reli-

59 951 136 1015 quos
157 932 284 1012 Belgas,
308 932 360 1012 qui
381 951 414 993 se
435 931 546 1012 populo
569 932 708 994 Romano
732 931 919 993 dedidissent
935 932 1083 1011 patriam-

58 1037 116 1098 qne
143 1018 286 1080 virtntem
314 1018 526 1098 proiecissent3
560 1019 734 1080 confirmare
757 1037 824 1079 sese
847 1037 943 1098 neque
965 1017 1082 1100 legatos

57 1104 203 1166 missuros
226 1124 322 1185 neque
343 1104 436 1166 ullam
459 1105 662 1166 condicionem
683 1104 767 1185 pacis
790 1111 974 1183 accepturos.

124 1190 200 1252 Cum
220 1211 275 1270 per
297 1210 400 1252 eorum
422 1192 497 1252 fines
520 1192 653 1252 triduum
673 1190 731 1252 iter
750 1189 886 1264 lecisset,
909 1189 1084 1254 inveniebat
1093 1191 1126 1244 16

59 1296 98 1338 ex
131 1277 258 1357 captivis
292 1276 398 1339 Sabim
431 1279 542 1338 flumen
570 1278 608 1339 ab
632 1277 746 1338 castris
773 1276 836 1338 suis
865 1295 925 1338 non
952 1277 1083 1356 amplius
1098 1297 1121 1337 ιι

58 1362 143 1424 milia
164 1382 310 1443 passuum
334 1365 436 1425 decem
458 1364 585 1438 abesse;
608 1371 693 1424 trans
708 1364 740 1424 id
754 1363 865 1424 fiumen
881 1381 985 1424 omnes
1000 1363 1084 1424 Ner-

59 1449 127 1510 vios
154 1451 326 1511 consedisse
355 1451 578 1530 adventumque
606 1449 649 1511 ibi
676 1449 884 1512 Romanorum
907 1458 1083 1528 exspectare

58 1554 120 1597 una
142 1554 208 1596 cnm
229 1534 433 1598 Atrebatibus
457 1545 487 1597 et
501 1535 741 1610 Veromanduis,
764 1535 900 1595 finitimis
916 1534 979 1596 suis
995 1532 1084 1618 (nam

58 1621 108 1683 his
131 1622 267 1701 utrisque
289 1631 520 1701 persuaserant,
543 1623 588 1684 uti
612 1623 737 1683 eandem
759 1621 831 1682 belli
853 1621 1005 1682 fortunam
1029 1640 1084 1683 ex·
1099 1642 1126 1680 ιι

59 1706 264 1790 perirentur);
299 1707 469 1786 exspectari
496 1707 587 1768 etiam
611 1708 649 1768 ab
672 1707 709 1769 iis
731 1706 960 1767 Aduatuoornm
982 1707 1085 1788 copias

62 1802 155 1873 atque
189 1812 256 1854 esse
288 1793 320 1853 in
352 1793 474 1866 itinere3
508 1792 648 1854 mulieres
677 1793 784 1873 quique
810 1811 865 1871 per
892 1801 1024 1854 aetatem
1046 1795 1087 1856 ad

60 1898 194 1959 pugnam
215 1877 336 1940 inutiles
358 1879 534 1940 viderentur
555 1878 587 1939 in
610 1898 677 1940 eum
700 1879 797 1940 locum
819 1877 994 1954 coniecisse,
1028 1899 1087 1962 quo

59 1973 187 2045 propter
208 1964 336 2044 paludes
359 1965 503 2027 exercitui
525 1965 626 2026 aditus
649 1984 711 2026 non
733 1973 822 2026 esset

128 2050 185 2112 His
218 2052 309 2112 rebus
337 2051 463 2132 cognitis
492 2051 697 2131 exploratores
725 2050 972 2131 centurionesque
993 2071 1086 2132 prae·
1096 2053 1129 2107 17

59 2135 171 2210 mittit,
195 2136 246 2217 qui
268 2137 365 2198 locum
387 2137 528 2200 idoneum
549 2137 658 2198 castris
681 2137 823 2218 deligant.
868 2136 945 2198 Cum
968 2157 1007 2199 ex
1028 2139 1084 2200 de·
1099 2158 1123 2198 ιι

63 2223 174 2285 ditioiis
201 2223 304 2304 Belgis
332 2222 513 2305 reliquisque
535 2223 634 2286 Gallis
657 2223 825 2304 complures
848 2223 1010 2286 Caesarem
1034 2245 1086 2287 se-

61 2310 125 2371 cuti
147 2329 209 2371 una
230 2310 288 2371 iter
308 2312 457 2383 iacerent,
481 2310 603 2390 quidam
627 2329 664 2371 ex
685 2310 750 2384 his,
774 2318 808 2371 ut
829 2319 937 2389 postea
959 2330 997 2372 ex
1011 2330 1086 2392 cap-

63 2395 137 2457 tivis
171 2396 321 2476 cognitum
355 2405 417 2470 est,
452 2415 554 2458 eorum
582 2396 697 2457 dierum
725 2396 940 2458 consuetudine
967 2396 1086 2460 itineris

62 2481 159 2543 nostri
187 2482 335 2544 exercitus
368 2493 530 2563 perspecta
557 2492 644 2544 nocte
672 2484 711 2544 ad
732 2482 862 2544 Nervios
884 2494 1087 2563 pervenerunt
1100 2504 1129 2543 ιι

64 2577 156 2648 atque
187 2567 225 2629 iis
259 2570 503 2631 demonstrarunt
534 2569 614 2630 inter
641 2568 775 2649 singulas
803 2569 934 2650 legiones
956 2569 1086 2651 impedi-

64 2665 234 2715 mentomm
257 2674 399 2736 magnum
414 2675 569 2717 numerum
587 2656 786 2728 intercedere,
810 2675 905 2736 neque
921 2675 988 2718 esse
1003 2658 1088 2738 quic-

66 2759 156 2820 quam
179 2741 305 2820 negotii,
328 2760 395 2802 cum
417 2742 515 2821 prima
535 2741 610 2822 legio
626 2742 657 2803 in
673 2752 773 2804 castra
786 2741 922 2803 venisset
936 2743 1087 2823 reliquae-

66 2846 124 2906 que
151 2826 283 2906 legiones
305 2845 447 2906 magnum
470 2828 600 2907 spatium
624 2829 782 2902 abessent,
811 2828 890 2889 hano
911 2829 966 2889 sub
989 2830 1087 2892 sarci-

65 2912 113 2975 nis
141 2912 251 2973 adoriri
258 2930 267 2986 ;
296 2929 357 2992 qua
377 2912 468 2992 pulsa
488 2913 767 2994 impedimentisque
791 2913 916 2994 direptis
937 2916 1086 2990 futurum,
1102 2936 1131 2974 so

65 3007 100 3060 ut
133 2997 266 3078 reliquae
299 3006 404 3059 contra
435 2998 598 3059 consistere
626 3019 687 3060 non
709 3002 864 3062 auderent
907 2999 1089 3064 Adiuvabat

67 3084 160 3146 etiam
184 3103 286 3145 eorum
308 3083 480 3158 consilium,
509 3083 643 3163 quirem
666 3085 857 3160 deferebant,
881 3088 960 3166 quod
981 3087 1089 3150 Nervii

66 3171 250 3251 antiquitus,
285 3189 351 3232 cum
385 3169 521 3250 equitatu
554 3168 627 3230 nihil
654 3180 781 3250 possent
810 3169 920 3252 (neque
948 3173 1027 3233 enim
1049 3175 1090 3236 ad

66 3258 124 3319 boc
151 3267 269 3337 tempus
298 3257 326 3318 ei
352 3257 396 3318 rei
424 3256 563 3330 student,
593 3256 662 3328 sed,
691 3257 830 3337 quiequid
856 3267 999 3336 possunt,
1033 3279 1090 3339 pe-

67 3343 220 3406 destribus
235 3343 339 3405 valent
353 3342 474 3426 copiis),
498 3363 556 3424 quo
571 3341 687 3403 facilius
702 3342 896 3405 finitimorum
912 3344 1089 3423 equitatum,
1104 3363 1133 3402 ιι

68 3431 97 3492 si
119 3430 287 3510 praedandi
315 3449 408 3491 causa
435 3431 475 3491 ad
498 3449 548 3492 eos
571 3428 719 3501 venisset,
750 3428 944 3509 impedirent,
979 3432 1091 3494 teneris

68 3515 228 3578 arboribus
249 3515 352 3578 incisis
376 3526 466 3597 atque
487 3516 519 3577 in
541 3514 730 3577 latitudinem
750 3515 843 3577 ramis
866 3515 964 3576 enatis
987 3526 1018 3578 et
1039 3537 1092 3579 ru-

67 3603 117 3664 bis
139 3603 336 3683 sentibusque
356 3602 520 3665 interiectis
543 3601 717 3674 effecerant,
751 3610 786 3663 ut
812 3601 910 3663 instar
936 3602 1013 3664 muri
1035 3603 1093 3667 hae

68 3708 177 3770 saepes
210 3689 400 3751 munimentis
433 3689 628 3769 praeberent,
663 3707 720 3768 quo
753 3707 814 3749 non
847 3688 936 3749 modo
968 3687 1093 3766 intrari,

70 3777 126 3839 sed
153 3795 191 3838 ne
218 3774 347 3857 perspici
375 3775 493 3855 quidem
521 3783 632 3856 posset.
677 3775 736 3836 His
758 3775 848 3836 rebus
871 3793 937 3835 cnm
958 3775 1016 3837 iter
1037 3796 1093 3859 ag·
1107 3795 1138 3835 so

70 3862 160 3925 minis
182 3861 279 3923 nostri
300 3861 505 3942 impediretur,
528 3881 588 3924 non
610 3860 811 3924 omittendum
833 3860 991 3924 consilium
1012 3862 1094 3927 Ner·

70 3948 114 4011 vii
137 3947 393 4011 existimaverunt
921 4032 942 4094 3
