2616 4492
289 292 357 339 ars.
373 295 396 339 1.
418 292 495 340 cnr.
511 277 562 339 52.
585 311 627 323 -
649 292 719 339 arn.
736 293 773 341 11.
796 294 872 340 cnr.
889 279 918 340 3.
1072 274 1116 339 27

488 515 647 589 LIBER
671 514 720 588 ΙΙ.

158 685 235 747 Cum
262 696 344 747 esset
369 685 482 747 Caesar
502 686 535 748 in
556 686 693 748 citeriore
715 685 818 748 Gallia
839 685 871 748 ln
892 685 1040 759 hibernis,
1069 685 1138 748 ital

92 773 138 834 uti
166 792 259 852 supra
286 773 573 848 demonstravimus,
608 772 705 835 crebri
731 774 771 834 ad
799 791 865 833 euru
893 791 1028 834 rumores
1056 774 1143 841 aei-³

91 860 268 921 ferebantur
300 858 467 938 litterisque
499 859 571 921 item
604 859 732 921 Labieni
758 852 865 920 certior
891 860 985 920 fiebat
1012 878 1115 920 omnes

92 945 220 1025 Belgas,
245 964 346 1025 »quam
378 945 499 1007 tertiam
533 965 601 1007 esse
628 944 750 1007 Galliae
777 955 893 1024 partem
927 945 1114 1020 dixeramus,

93 1040 200 1093 contra
225 1031 369 1111 populum
396 1031 568 1094 Romanum
596 1032 751 1093 coniurare
779 1032 1060 1111 obsidesqueinter
1082 1049 1115 1092 se

94 1119 175 1180 dare.
220 1117 406 1180 Coniurandi
433 1119 490 1180 has
513 1139 580 1180 esse
602 1138 726 1179 causas:
753 1117 896 1198 primum,
926 1119 1005 1197 quod
1026 1136 1117 1179 vere-

94 1212 213 1279 rentur,
248 1224 286 1265 ne
319 1205 400 1265 omni
427 1215 538 1284 pacata
566 1204 669 1267 Gallia
696 1206 736 1266 ad
763 1223 814 1265 eos
844 1205 990 1265 exercitus
1012 1213 1117 1265 noster
1136 1228 1161 1268 ro

96 1291 308 1364 adduceretur3
336 1291 459 1364 deinde,
490 1292 569 1371 qnod
596 1292 635 1352 ab
664 1290 814 1352 nonnullis
843 1289 942 1351 Gallis
970 1291 1117 1352 sollicita·

95 1386 207 1449 rentur,
229 1377 340 1455 partim
364 1377 428 1457 qui,
452 1387 487 1439 ut
508 1377 676 1439 Germanos
700 1377 810 1438 diutius
833 1377 864 1436 in
885 1375 988 1437 Gallia
1001 1376 1119 1438 versari

96 1463 269 1538 noluerant,
303 1463 348 1524 ita
379 1464 483 1543 populi
515 1464 646 1534 Romani
673 1463 835 1525 exercitum
868 1463 1000 1524 hiemare
1027 1471 1119 1543 atque

96 1549 317 1611 inveterascere
339 1549 371 1609 in
394 1548 497 1611 Gallia
519 1550 645 1611 moleste
667 1551 820 1622 ferebant,
843 1549 954 1628 partim
977 1549 1028 1628 qui
1051 1567 1118 1610 mo-

96 1635 216 1696 bilitate
250 1644 281 1696 et
312 1634 437 1696 levitate
469 1635 561 1696 animi
589 1636 676 1695 novis
703 1635 837 1714 imperiis
866 1636 1044 1709 studebant,
1080 1636 1119 1698 ab
1139 1657 1163 1696 rs

98 1721 250 1781 nonnullis
274 1720 379 1793 etiam,
404 1722 482 1800 quod
504 1722 535 1782 in
558 1720 660 1782 Gallia
682 1741 701 1781 a
722 1720 942 1800 potentioribus
965 1730 1055 1801 atque
1070 1720 1118 1795 iis,

100 1806 151 1886 qui
184 1808 223 1867 ad
251 1807 457 1867 conducendos
483 1807 562 1867 bom'
694 1808 806 1869 uitates
828 1807 996 1881 habebant,
1030 1807 1120 1886 vulgo

100 1912 193 1972 regna
226 1893 457 1970 occupabantur,
492 1893 542 1973 qui
701 1893 788 1955 iacile
816 1913 882 1954 eam
910 1912 973 1955 rem
994 1893 1120 1974 imperio

100 1987 204 2039 nostro
228 1979 370 2058 consequi
392 1989 543 2058 poterant.

165 2065 222 2126 His
245 2065 358 2125 nuntiis
381 2064 548 2145 litterisque
571 2084 587 2126 c
669 2073 737 2126 otus
760 2063 874 2126 Caesar
896 2065 971 2126 duas
988 2061 1150 2141 legionesa

99 2152 132 2213 in
165 2151 302 2212 citeriore
335 2150 440 2212 Gallia
460 2171 562 2234 'novas
589 2151 766 2231 conscripsit
793 2159 825 2212 et
850 2150 927 2212 inita
952 2158 1069 2210 aestate
1090 2149 1122 2210 in
1136 2178 1160 2215 21

101 2237 275 2299 interiorem
313 2235 446 2298 Galliam
485 2238 536 2318 qui
568 2238 727 2299 deduceret
765 2235 802 2306 Q.
829 2237 957 2299 Pedium
990 2235 1122 2315 legatum

102 2323 193 2385 misit.
237 2324 324 2403 Ipse,
359 2343 426 2385 cum
459 2325 588 2403 primum
615 2325 720 2404 pabuli
747 2324 835 2403 copia
850 2332 934 2385 =esse
961 2323 1120 2401 inciperet,

101 2412 141 2471 ad
163 2410 324 2471 exercitum
345 2411 438 2475 venit.
482 2412 546 2472 Dat
573 2412 724 2490 negotium
749 2409 919 2472 Senonibus
941 2409 1122 2488 reliquisque

103 2495 202 2558 Gallis
210 2523 225 2580 ,q
247 2497 297 2576 qui
319 2497 438 2558 finitimi
460 2496 561 2577 Belgis
583 2506 685 2570 erant,
714 2497 758 2557 uti
781 2516 831 2572 ea,
867 2516 943 2576 quae
966 2497 1048 2575 apud
1070 2514 1123 2556 eos
1136 2523 1165 2561 aa

103 2591 255 2663 gerantur,
279 2593 461 2662 cognoscant
482 2603 574 2663 seque
597 2585 634 2645 de
655 2584 703 2644 his
725 2584 814 2645 rebus
830 2583 985 2644 certiorem
1000 2581 1123 2642 iaciant

102 2669 144 2731 Hi
167 2678 341 2730 constanter
363 2689 466 2730 omnes
489 2670 705 2731 nuntiaverunt
726 2689 832 2731 manus
856 2670 935 2749 cogi,
962 2668 1124 2729 exercitum

102 2755 249 2817 inunum
273 2755 368 2815 locum
392 2756 523 2817 conduci.
558 2757 635 2818 Tum
657 2775 729 2817 vero
753 2757 951 2817 dubitandum
973 2774 1035 2817 uon
1058 2752 1124 2816 exi-

104 2841 256 2913 stimavit,
290 2841 361 2920 quin
395 2842 435 2902 ad
468 2861 519 2903 eos
552 2844 793 2921 proficisceretur.
849 2843 896 2905 Re
928 2841 1126 2903 frumentaria

106 2936 283 3007 comparata
310 2936 410 2987 castra
438 2936 539 2988 movet
566 2929 731 3008 diebusque
754 2928 871 2990 circiter
893 2928 1062 3010 quindecim
1085 2927 1125 2988 ad
1142 2959 1168 2997 ω

105 3015 181 3076 fines
204 3013 366 3093 Belgarum
388 3013 535 3091 pervenit.

170 3100 216 3162 Eo
245 3119 312 3161 cum
340 3099 377 3160 de
405 3099 568 3178 improviso
597 3099 780 3180 celeriusque
803 3099 884 3160 omni
907 3098 1046 3178 opinione
1068 3115 1151 3166 ve-3

107 3187 219 3259 nisset,
252 3185 356 3259 Remi,
391 3185 441 3265 qui
473 3185 602 3264 proximi
630 3184 749 3247 Galliae
778 3205 815 3248 ex
841 3184 944 3265 Belgis
966 3192 1051 3257 sunt,
1086 3184 1125 3245 ad

107 3293 175 3335 eum
202 3273 319 3353 legatos
341 3271 450 3333 Iccium
472 3281 503 3333 et
524 3271 814 3346 Andecumborium,
842 3272 954 3351 primos
977 3269 1125 3346 civitatis,

107 3360 270 3434 miserunt,
305 3358 355 3437 qui
383 3359 514 3420 dicerent
541 3378 574 3420 se
602 3377 715 3437 suaque
743 3358 843 3419 omnia
869 3357 1013 3418 infidam
1035 3364 1127 3436 atque
1143 3378 1171 3416 ss

108 3446 140 3508 in
168 3445 482 3526 potestatempopuli
508 3445 639 3508 Romani
661 3445 859 3524 permittere,
881 3462 977 3521 neque
1005 3461 1038 3503 se
1060 3461 1127 3503 cum

109 3532 212 3613 Belgis
239 3531 362 3612 reliquis
391 3533 579 3594 consensisse
602 3551 698 3612 neque
721 3540 826 3592 contra
846 3527 989 3609 populum
1011 3529 1128 3590 Roma-

110 3638 183 3680 num
210 3619 397 3693 coniurasse,
425 3629 607 3699 paratosque
636 3639 702 3680 esse
724 3626 756 3680 et
777 3616 897 3679 obsides
920 3617 992 3676 dare
1015 3615 1134 3677 etim·

110 3715 219 3786 perata
250 3709 348 3767 lacere
375 3714 406 3766 et
433 3706 551 3784 oppidis
579 3706 708 3784 recipere
736 3713 766 3766 et
792 3705 939 3765 frumento
962 3703 1128 3783 ceterisque

112 3793 201 3854 rebus
223 3793 344 3867 iuvare;
367 3791 497 3872 reliquos
521 3812 624 3855 omnes
646 3792 756 3872 Belgas
778 3790 810 3851 in
833 3789 924 3851 armis
940 3809 1022 3863 esse,
1046 3788 1128 3851 Ger·
1144 3822 1172 3862 40

112 3898 292 3960 manesque,
321 3877 372 3957 qui
398 3877 440 3939 cis
462 3878 602 3940 Rhenum
624 3879 772 3952 incolant,
806 3897 874 3938 sese
896 3895 963 3937 oum
985 3875 1032 3938 his
1055 3894 1129 3938 con-

113 3965 266 4039 iunxisse,
295 3972 469 4047 tantumque
491 3984 559 4028 osse
581 3985 683 4028 eorum
705 3963 836 4026 omnium
857 3964 1001 4039 furorem,
1034 3970 1069 4025 ut
1093 3981 1131 4024 ne
