2616 4492
449 294 519 340 nrn.
534 292 610 340 vui.
633 292 710 340 car.
725 275 864 340 48-51.
1107 274 1168 341 ltr
1195 323 1199 329 -

205 429 275 494 Scio
297 431 461 495 Caesarem
483 432 670 514 singulorum
692 451 839 495 annornm
862 429 997 512 singulos
1012 450 1165 496 commen-

142 517 240 580 tarios
261 519 440 592 confecisse3
475 519 555 600 quod
577 538 631 600 ego
654 538 715 581 non
737 518 911 581 existimari
932 517 1004 580 mihi
1027 537 1095 579 esse
1116 520 1165 581 fa-

141 605 295 680 oiendum,
322 616 485 686 propterea
506 606 587 686 quod
607 605 769 686 insequens
792 624 905 679 annus,
932 603 968 665 L.
989 603 1102 679 Paulo,
1130 604 1164 668 C.

139 690 286 753 Marcello
312 691 503 765 consulibus,
537 691 636 754 nullas
668 692 761 753 habet
793 710 901 772 magno
929 708 1019 771 opere
1046 689 1166 754 Galliae

140 796 190 839 res
223 785 335 858 gestas.
389 778 438 840 Ne
471 778 538 859 quis
567 788 668 841 tamen
694 779 863 859 ignoraret,
897 776 1007 858 quibus
1033 777 1066 838 in
1091 778 1194 841 lociso

140 863 257 925 Caesar
279 864 486 946 exercitusque
509 883 543 927 eo
565 874 701 946 tempore
723 865 866 939 fuissent,
889 882 986 944 pauca
1007 883 1074 927 esse
1088 866 1166 928 seri-

141 950 241 1011 benda
262 950 527 1032 coniungendaque
547 951 618 1013 hnic
639 951 851 1013 commentario
875 949 977 1012 statui.

198 1035 320 1098 Caesar
347 1037 378 1098 in
407 1037 513 1118 Belgio
536 1057 602 1101 cum
624 1037 785 1112 hiemaret,
815 1055 906 1099 unum
928 1036 1004 1098 illud
1024 1037 1208 1117 proposi-49

135 1131 201 1184 tum
234 1122 369 1185 habebat
401 1125 552 1186 continere
574 1124 606 1187 in
628 1122 762 1186 amicitia
787 1122 944 1198 civitates,
978 1122 1053 1184 nulli
1081 1142 1165 1204 spem

135 1217 191 1270 aut
223 1228 346 1271 causam
380 1211 452 1272 dare
484 1230 645 1277 armorum.
701 1210 787 1273 Nihil
814 1209 893 1271 enim
922 1207 1020 1270 minus
1042 1209 1166 1272 volebat
1180 1237 1208 1274 ro

135 1313 227 1375 quam
255 1297 312 1359 sub
340 1297 495 1360 decessum
524 1317 611 1359 suum
634 1297 846 1359 necessitatem
869 1295 927 1358 sibi
949 1295 1082 1376 aliquam
1104 1296 1164 1357 im-

134 1381 207 1460 poni
238 1382 311 1444 belli
338 1383 473 1464 gerendi,
502 1403 555 1458 ne,
589 1402 656 1444 cum
678 1383 841 1445 exercitum
864 1383 1045 1444 deducturus
1068 1391 1164 1458 esset,

133 1467 247 1529 bellum
275 1468 398 1550 aliquod
426 1469 656 1550 relinqueretur,
690 1469 770 1550 quod
792 1468 889 1530 omnis
913 1466 1017 1528 Gallia
1037 1466 1166 1531 libenter

134 1554 202 1615 eine
229 1555 386 1634 praesenti
411 1555 543 1636 periculo
572 1555 747 1635 susciperet
796 1555 904 1635 Itaque
931 1553 1093 1616 honorifice
1120 1555 1165 1617 oi·

133 1640 248 1702 vitates
279 1640 476 1721 appellando,
508 1641 657 1723 principes
685 1640 825 1702 maximis
852 1638 995 1720 praemiis
1019 1640 1164 1703 adficien-
1179 1671 1206 1708 rs

135 1728 194 1799 do,
227 1726 312 1789 nulla
339 1745 432 1788 onera
458 1728 640 1808 iniungendo
669 1728 819 1788 defessam
846 1735 893 1788 tot
915 1725 1051 1788 adversis
1072 1746 1163 1808 proe-

134 1811 186 1873 liis
219 1810 352 1873 Galliam
385 1814 560 1876 condicione
592 1812 720 1893 parendi
752 1811 874 1874 meliore
905 1809 994 1874 facile
1026 1811 1058 1874 iu
1090 1831 1164 1894 paca

133 1896 292 1961 continuit.

201 1983 272 2064 Ipse
293 1983 428 2047 hibernis
449 1983 579 2063 peractis
601 1993 706 2046 contra
728 1982 975 2047 consuetudinem
994 1983 1026 2045 in
1040 1984 1206 2049 Italiamoo

134 2089 226 2150 quam
258 2069 397 2132 maximis
430 2070 588 2132 itineribus
612 2080 659 2133 est
680 2073 848 2150 profectus,
881 2078 916 2132 ut
943 2070 1106 2152 municipia
1133 2080 1164 2134 et
1176 2102 1206 2139 20

132 2156 267 2218 colonias
301 2157 488 2237 appellaret,
507 2157 632 2238 quibus
661 2157 704 2219 M.
727 2156 873 2229 Antonii,
907 2157 1075 2237 quaestoris
1098 2159 1161 2234 sui,

131 2243 395 2306 commendaverat
422 2243 584 2306 sacerdotii
611 2244 797 2325 petitionem.
849 2242 1060 2306 Contendebat
1081 2245 1162 2307 enim

134 2328 234 2409 gratia
254 2349 322 2391 oum
343 2329 471 2392 libenter
491 2348 547 2410 pro
569 2330 689 2393 homine
712 2330 770 2392 sibi
789 2328 1048 2404 coniunctissimo,
1072 2350 1161 2413 quem
1240 2340 1241 2343 ’

130 2416 222 2494 paulo
244 2425 316 2478 aute
338 2417 539 2496 praemiserat
560 2418 600 2500 ad
621 2417 813 2498 petitionem,
836 2424 900 2477 tum
923 2416 1033 2478 acriter
1054 2426 1162 2481 contra

130 2501 292 2564 factionem
314 2512 346 2565 et
366 2503 536 2584 potentiam
557 2522 738 2584 paucorum,
762 2503 813 2584 qui
835 2502 879 2565 M.
894 2501 1023 2566 Antonii
1036 2505 1160 2584 repulsa
1174 2532 1202 2569 25

131 2586 275 2651 Caesaris
304 2590 473 2652 decedentis
502 2590 631 2670 gratiam
660 2589 829 2652 convellere
857 2589 1027 2669 cupiebant.
1071 2590 1161 2653 Hunc

131 2673 190 2734 etsi
217 2693 360 2755 augurem
387 2676 470 2755 prius
497 2677 625 2752 factum,
659 2695 751 2756 quam
772 2675 894 2738 Italiam
917 2674 1093 2756 attingeret,
1127 2676 1160 2740 in

130 2759 240 2821 itinere
272 2761 426 2834 audierat,
460 2761 563 2822 tamen
594 2781 655 2823 non
689 2763 789 2824 minus
808 2763 927 2823 'iustam
954 2761 1013 2823 sibi
1034 2781 1158 2824 eanmm

130 2844 293 2923 municipia
320 2853 352 2906 et
378 2846 512 2907 colonias
539 2848 670 2910 adeundi
692 2847 893 2922 existimavit,
926 2855 962 2909 ut
981 2847 1021 2909 iis
1043 2849 1158 2928 gratias
1250 2914 1253 2919 ,
1279 2902 1281 2907 .

130 2938 249 3011 ageret,
283 2932 364 3010 quod
394 2931 594 3011 frequentiam
628 2943 719 3014 atque
748 2933 877 2995 officium
906 2952 995 2994 suum
1020 2932 1157 2997 Antonio
1171 2962 1200 2999 ao

130 3015 372 3097 praestitissent,
399 3018 547 3098 simulque
575 3038 608 3079 se
636 3028 667 3081 et
693 3021 836 3081 honorem
859 3037 947 3081 snum
969 3019 1156 3101 insequentis

130 3102 204 3165 anni
219 3104 457 3176 commendaret,
473 3111 640 3183 propterea
654 3107 734 3186 quod
748 3104 912 3166 insolenter
928 3104 1095 3167 adversarii
1110 3106 1157 3168 sui

130 3188 333 3271 gloriarentur
359 3190 395 3251 L.
409 3189 573 3252 Lentulum
596 3199 627 3252 et
648 3191 682 3253 C.
698 3190 877 3253 Marcellum
904 3190 1043 3252 consules
1068 3210 1155 3253 crea-

129 3285 195 3349 tos,
224 3275 275 3357 qui
303 3294 421 3338 omnem
448 3274 593 3338 honorem
621 3286 650 3338 et
677 3276 855 3358 dignitatem
878 3275 1018 3338 Caesaris
1041 3277 1156 3358 spolia-

130 3371 213 3437 rent,
248 3371 382 3443 ereptum
416 3361 482 3425 Ser.
510 3361 629 3424 Galbae
662 3363 866 3437 consulatum,
900 3381 968 3423 cum
1000 3362 1027 3424 is
1060 3364 1155 3426 multo
1169 3393 1196 3429 aa

129 3448 197 3529 plus
231 3449 330 3530 gratia
362 3449 569 3530 suffragiisque
596 3449 759 3522 valuisset,
794 3450 873 3529 quod
900 3448 958 3510 sibi
980 3449 1153 3512 coniunctus

131 3544 163 3596 et
183 3535 389 3598 familiaritate
411 3545 441 3598 et
463 3536 676 3598 consuetudine
698 3536 855 3617 legationis
879 3544 967 3598 esset.

195 3622 347 3702 Exceptus
381 3631 428 3684 est
455 3622 598 3684 Caesaris
626 3624 775 3684 adventus
803 3623 842 3685 ab
865 3622 1002 3684 omnibns
1025 3621 1194 3684 manici-51

129 3707 188 3788 piis
212 3717 242 3769 et
264 3708 389 3770 coloniis
410 3708 577 3770 incredibili
598 3710 712 3771 honore
736 3718 825 3790 atque
848 3727 958 3770 amore.
997 3708 1075 3769 Tum
1089 3709 1152 3789 pri-

129 3813 211 3855 mum
233 3796 312 3856 enim
334 3796 478 3857 veniebat
500 3796 538 3856 ab
560 3794 614 3857 illo
637 3797 796 3859 universae
819 3795 939 3858 Galliae
962 3794 1050 3857 bello.
1092 3795 1151 3856 Ni·
1166 3823 1194 3860 ro

129 3879 172 3940 hil
196 3879 427 3962 relinquebatur,
462 3882 541 3963 quod
569 3884 608 3943 ad
631 3893 771 3945 ornatum
793 3891 965 3962 portarurn,
993 3881 1149 3955 itinerum,

130 3968 262 4029 locorum
282 3967 428 4044 omnium,
453 3988 513 4050 qua
534 3967 647 4032 Caesar
669 3971 765 4032 iturus
788 3979 863 4042 erat,
887 3968 1048 4049 excogitari
1061 3976 1151 4047 pote-
