2616 4492
198 264 241 331 62
526 281 575 329 nn
597 279 713 329 suano
736 278 892 328 cxnnrco

199 421 300 503 egredi
325 418 535 500 prohibebant.
579 419 657 481 Erat
678 420 717 482 ob
738 420 796 481 has
819 438 928 481 causas
950 438 1068 484 summa
1089 418 1219 481 difficul-

196 516 265 583 tas,
299 507 379 586 quod
406 525 501 567 naves
522 516 647 586 propter
668 506 904 586 magnitudinem
925 505 984 568 nisi
1005 505 1036 567 in
1060 506 1123 567 alto
1144 524 1220 567 con-

200 593 286 655 stitui
313 612 374 654 non
400 600 556 672 poterant,
584 592 729 655 militibus
752 602 852 653 autem
873 592 983 673 ignotis
1005 591 1095 666 locis,
1122 591 1221 671 impe·

199 680 271 743 ditis
298 679 438 740 manibus
471 697 578 759 magno
612 689 643 741 et
669 678 755 758 gravi
780 697 871 741 onere
893 697 1043 740 armorum
1066 678 1221 758 oppressis

170 765 290 829 ssimul
313 774 344 826 et
366 766 403 826 de
425 764 554 826 navibus
577 765 774 827 desiliendum
797 775 827 826 et
847 765 879 826 in
894 765 1034 826 fluctibus
1050 764 1221 825 consisten-

199 853 272 915 dum
300 861 331 912 et
359 870 425 911 cum
453 851 591 913 hostibus
615 861 680 914 erat
701 853 911 932 pugnandum,
945 870 1013 912 cum
1040 851 1085 913 illi
1106 859 1160 912 ant
1182 869 1222 912 ex

199 939 285 1001 arido
318 946 372 998 aut
397 937 521 1016 paulum
547 938 579 999 in
606 957 717 1019 aquam
744 938 893 1018 progressi
915 937 1053 999 omnibus
1076 937 1220 998 membris

200 1024 333 1104 expediti
355 1023 520 1085 notissimis
542 1024 616 1087 locis
638 1025 782 1086 audacter
803 1024 865 1085 tela
887 1024 1067 1085 coniicerent
1081 1033 1111 1084 et
1126 1042 1220 1104 equos

199 1111 385 1173 insuefactos
411 1109 581 1172 incitarent
626 1108 743 1180 Quibus
766 1111 856 1172 rebus
879 1111 976 1172 nostri
996 1109 1147 1190 perterriti
1169 1118 1221 1171 at-

162 1213 186 1251 10
200 1216 259 1278 que
290 1196 380 1257 buius
414 1196 534 1259 omnino
568 1197 685 1277 generis
719 1215 837 1276 pugnae
869 1197 1000 1277 imperiti
1027 1215 1088 1257 non
1115 1197 1222 1257 eadem

199 1282 360 1345 alacritate
382 1302 419 1343 ac
440 1282 556 1357 studio,
585 1304 644 1365 quo
667 1283 699 1344 in
720 1283 912 1363 pedestribus
934 1283 980 1344 uti
1001 1281 1123 1364 proeliis
1145 1300 1221 1343 con-

199 1378 341 1444 suerant,
365 1370 535 1432 utebantur.
681 1440 685 1445 Ι

157 1471 191 1523 25
264 1453 356 1525 Quod
377 1455 429 1516 ubi
452 1454 564 1516 Caesar
586 1454 816 1528 animadvertit,
838 1475 932 1517 naves
947 1455 1070 1535 longas,
1092 1473 1222 1535 quarum

200 1552 233 1605 et
253 1541 368 1622 species
391 1550 438 1603 est
459 1541 597 1603 barbaris
619 1541 794 1603 inusitatior
816 1551 848 1603 et
868 1550 969 1603 motus
991 1541 1031 1602 ad
1053 1559 1141 1602 usum
1163 1558 1220 1601 ex-

162 1649 186 1688 rs
199 1629 339 1710 peditior,
367 1627 491 1707 paulum
518 1627 665 1689 removeri
691 1629 731 1690 ab
759 1628 904 1690 onerariis
924 1627 1055 1689 navibus
1078 1635 1108 1688 et
1128 1626 1220 1687 remis

199 1715 317 1777 incitari
343 1715 435 1776 etad
456 1714 536 1776 latus
559 1723 698 1794 apertum
719 1715 851 1777 hostium
874 1713 1017 1776 constitui
1039 1722 1130 1793 atque
1151 1712 1221 1773 inde

198 1801 316 1875 iundis,
352 1800 485 1880 sagittis,
519 1800 676 1863 tormentis
704 1801 807 1863 hostes
833 1799 960 1882 propelli
982 1819 1019 1861 ac
1040 1798 1222 1861 summoveri

200 1886 305 1960 iussit3
329 1906 478 1966 quaeres
501 1906 609 1968 magno
631 1887 699 1949 usui
721 1887 835 1949 nostris
856 1887 921 1949 fuit
954 1886 1036 1948 Nam
1051 1895 1083 1947 et
1097 1885 1221 1947 navium

202 1974 299 2053 figura
319 1981 351 2033 et
371 1990 521 2037 remorum
543 1982 627 2035 motu
650 1983 681 2035 et
702 1973 849 2035 inusitato
872 1992 981 2055 genere
1002 1980 1221 2034 tormentorum

159 2079 188 2118 m
202 2057 331 2139 permoti
353 2058 476 2120 barbari
498 2059 699 2121 constiterunt
720 2079 756 2121 ac
776 2061 899 2140 paulum
921 2060 1011 2121 modo
1032 2060 1139 2138 pedem
1154 2066 1221 2120 ret-

200 2143 343 2207 tulerunt
397 2142 501 2223 Atque
529 2145 642 2207 nostris
671 2145 815 2208 militibus
838 2145 1063 2217 cunctantibus,
1091 2144 1222 2209 maxime

201 2239 325 2311 propter
357 2229 546 2291 altitudinem
573 2231 681 2304 maris,
709 2232 761 2311 qui
788 2233 920 2294 decimae
941 2230 1067 2312 legionis
1089 2230 1222 2311 aquilam

201 2318 334 2389 ferebat,
358 2325 544 2378 contestatus
567 2317 655 2390 deos,
684 2327 719 2379 ut
740 2337 777 2379 ea
797 2339 847 2380 res
869 2318 978 2399 legioni
999 2317 1126 2380 feliciter
1149 2335 1223 2378 eve·

201 2402 298 2477 niret,
320 2402 463 2476 Desilite,
486 2402 597 2483 iuquit,
622 2403 749 2478 milites,
773 2405 831 2466 nisi
852 2403 944 2466 vultis
967 2403 1100 2485 aquilam
1120 2403 1221 2465 hosti-

50 2494 53 2499 '
159 2510 189 2549 rs
202 2489 259 2553 bus
291 2490 433 2569 prodere:
468 2507 520 2570 ego
548 2498 628 2551 certe
651 2509 750 2551 meum
772 2491 953 2571 reipublicae
975 2500 1067 2570 atque
1087 2490 1222 2570 impera-

201 2575 262 2638 tori
289 2575 418 2636 oificium
441 2576 629 2655 praestitero.
673 2578 741 2639 Hoc
761 2597 828 2638 curn
849 2596 924 2638 voce
945 2596 1057 2656 magua
1078 2576 1220 2650 dixisset,
1264 2650 1271 2659 g

199 2680 236 2723 se
262 2681 300 2723 ex
327 2661 400 2722 navi
426 2660 550 2741 proiecit
571 2671 662 2743 atque
682 2663 714 2724 in
736 2664 839 2725 hostes
862 2663 993 2743 aquilam
1015 2663 1092 2725 ferre
1114 2661 1221 2742 coepit

202 2748 282 2811 Tum
315 2748 411 2810 nostri
442 2748 592 2811 cohortati
619 2749 697 2810 inter
724 2770 771 2824 se,
805 2758 988 2811 natantum
1011 2750 1140 2811 dedecus
1162 2748 1221 2811 ad-

201 2832 381 2908 mitteretur,
415 2834 546 2896 universi
578 2854 616 2896 ex
648 2836 720 2897 navi
753 2836 946 2899 desiluerunt
989 2836 1057 2897 Hos
1083 2835 1156 2897 item
1183 2853 1223 2896 ex

158 2945 188 2985 so
201 2919 347 3001 proximis
369 2920 472 3001 primis
495 2920 624 2983 navibus
647 2941 713 2984 cum
729 2923 973 3004 conspexissent,
997 2920 1151 2984 subsecuti
1163 2921 1223 2984 ho·

158 3006 300 3069 testibus
323 3007 611 3088 adpropinquarunt.
655 3008 827 3090 Pugnatum
851 3017 898 3071 est
920 3009 959 3071 ab
981 3008 1117 3087 utrisque
1139 3006 1221 3071 acri-

201 3101 255 3157 ter.
300 3093 406 3156 Nostri
438 3103 555 3167 tamen,
590 3096 669 3176 quod
701 3115 798 3176 neque
831 3095 952 3157 ordines
979 3112 1101 3157 servare
1126 3112 1222 3175 neque

200 3179 326 3242 firmiter
357 3180 496 3249 insistere
530 3201 625 3262 neque
653 3182 739 3262 signa
767 3182 910 3262 subsequi
942 3188 1099 3261 poterant,
1131 3190 1222 3261 atque

201 3264 279 3327 alius
308 3266 370 3329 alia
392 3286 430 3328 ex
452 3267 523 3329 navi
545 3269 780 3349 quibuscumque
802 3268 896 3349 signis
918 3275 1088 3329 occurrerat
1108 3286 1143 3329 se
1164 3267 1222 3327 ad-

157 3377 187 3417 as
201 3353 360 3433 gregabat,
387 3356 575 3435 'magnopere
606 3355 875 3435 perturbabantur3
909 3354 1014 3416 hostes
1041 3372 1114 3415 vero
1141 3352 1223 3414 notis

203 3438 341 3501 omnibus
370 3440 472 3514 vadis,
506 3440 559 3502 ubi
585 3460 623 3503 ex
649 3442 737 3503 litore
760 3441 877 3520 aliquos
900 3440 1069 3521 singulares
1091 3458 1129 3501 ex
1150 3439 1223 3500 navi

202 3524 391 3605 egredientes
413 3536 647 3607 conspexerant,
669 3527 803 3589 incitatis
826 3527 910 3608 equis
925 3527 1087 3607 impeditos
1102 3525 1223 3623 adprie-

201 3610 323 3684 bantur,
346 3611 447 3691 plures
461 3631 574 3691 paucos
589 3612 866 3686 circumsistebant,
889 3613 942 3676 alii
957 3615 996 3676 ab
1011 3613 1107 3675 latere
1118 3619 1223 3692 aperto

202 3695 234 3757 in
261 3696 416 3759 universos
444 3698 507 3759 tela
537 3698 743 3760 coniiciebant.
788 3697 879 3769 Quod
901 3719 967 3761 cum
990 3697 1224 3761 animadvertis-

159 3800 188 3841 ιο
202 3789 252 3843 set
278 3782 402 3856 Caesar,
431 3785 560 3864 scaphas
583 3784 737 3866 longarum
759 3786 899 3867 navium,
926 3787 999 3849 item
1022 3783 1225 3866 speculatoria

202 3866 324 3948 navigia
346 3868 491 3933 militibus
515 3871 658 3951 compleri
679 3871 768 3933 iussit
790 3880 835 3948 et,
859 3893 934 3954 quos
956 3872 1131 3935 laborantes
1146 3889 1223 3933 con-

202 3963 360 4034 spexerat,
381 3955 430 4019 bis
453 3957 589 4021 subsidia
603 3958 809 4021 submittebat
845 3959 968 4034 Nostri,
991 3958 1080 4021 simul
1092 3958 1126 4021 in
1136 3957 1222 4021 arido
