2616 4492
209 282 270 345 102
537 298 585 343 nu
608 296 725 344 nunno
748 298 902 344 caturco

209 437 362 518 publicum
385 437 539 510 cornibus,
569 456 647 516 quae
670 437 732 497 siut
754 436 943 511 testimonio,
973 455 1112 516 magnam
1133 438 1234 498 ierunt

208 524 336 586 laudem.
382 521 444 584 Sed
467 524 645 585 adsuescere
669 526 708 584 ad
721 524 866 584 ‘homines
890 533 921 585 et
942 524 1092 584 mansueti
1109 523 1174 584 fieri
1195 543 1233 584 ne

207 609 327 690 parvuli
356 609 476 688 quidem
505 609 620 688 excepti
648 620 785 689 possunt.
825 609 1014 689 ¹Amplitudo
1037 629 1179 670 cornuum
1202 619 1233 670 et

208 698 304 777 figura
326 704 357 763 et
380 695 494 775 species
518 696 645 757 multum
668 717 687 757 a
710 705 881 757 nostrorum
904 698 992 757 boum
1016 697 1156 757 cornibus
1173 697 1232 756 dil-

179 785 276 844 slort.
321 783 406 843 Haec
435 782 568 842 studiose
591 783 760 862 conquisita
782 784 821 843 ab
844 782 937 844 labris
960 793 1082 862 argento
1106 783 1233 843 circum·

210 869 335 931 cludunt
358 878 448 947 atque
470 868 501 928 iu
525 869 720 948 amplissimis
744 869 839 948 epulis
862 888 917 948 pro
940 868 1054 948 poculis
1078 878 1210 929 utuntur.

165 955 199 1006 29
275 954 404 1027 Caesar,
438 963 600 1034 postquam
632 974 686 1034 per
718 955 815 1016 Ubios
849 955 1055 1035 exploratores
1090 954 1234 1034 comperit

209 1039 327 1104 Suevos
361 1060 429 1110 sese
457 1041 488 1101 in
517 1041 611 1101 silvas
635 1041 799 1120 recepisse,
832 1041 1128 1121 inopiamlrumenti
1150 1041 1234 1101 veri-

208 1137 275 1201 tus,
299 1128 394 1206 quod,
418 1136 452 1186 ut
474 1147 566 1206 supra
581 1128 870 1201 demonstravimus,
895 1128 1014 1188 minime
1030 1147 1134 1188 omnes
1150 1127 1231 1188 Gor-

165 1235 194 1273 so
209 1214 292 1275 mahi
325 1213 522 1293 agriculturae
555 1215 692 1288 student,
728 1214 884 1274 coustituit
913 1233 972 1274 non
999 1214 1138 1293 progredi
1165 1214 1234 1274 lon-

211 1299 292 1381 gius3
316 1300 385 1373 sed,
409 1319 447 1359 ne
470 1300 590 1360 omniuo
614 1310 726 1366 metum
748 1301 861 1361 reditus
885 1300 931 1360 sui
952 1300 1092 1361 barbaris
1106 1299 1236 1361 ¹tolleret

210 1395 301 1466 atque
324 1395 483 1446 uteorum
506 1386 620 1447 auxilia
643 1389 794 1459 tardaret,
818 1387 939 1448 reducto
963 1387 1094 1446 exercitu
1115 1396 1235 1466 partem

209 1471 347 1550 ultimam
370 1472 485 1551 pontis,
510 1492 586 1552 quae
609 1473 691 1552 ripas
713 1473 859 1534 Ubiorum
882 1473 1087 1552 contingebat,
1109 1472 1142 1533 in
1164 1472 1235 1534 lou-

211 1558 375 1640 gitudiuem
397 1560 506 1636 pedum
530 1560 724 1620 ducentorum
753 1552 895 1620 rescindit
923 1568 1013 1638 atque
1041 1558 1073 1619 iu
1101 1568 1235 1620 extremo

167 1655 302 1726 reponte
331 1644 435 1705 turrim
463 1645 667 1706 tabulatorum
691 1655 835 1725 quattuor
856 1645 1012 1707 constituit
1033 1645 1237 1724 praesidinm-

211 1751 269 1812 que
297 1730 464 1792 cohortium
492 1733 648 1793 duodecim
675 1732 776 1810 poutis
799 1732 904 1793 tuendi
926 1751 1020 1792 causa
1039 1732 1126 1811 ponit
1148 1751 1237 1812 mag-

211 1818 317 1898 nisque
341 1837 409 1878 eum
432 1817 529 1877 locum
553 1818 767 1880 munitionibus
790 1819 899 1878 firmat.

277 1904 315 1964 Ei
338 1902 403 1964 loco
425 1904 635 1984 praesidioque
659 1904 768 1966 Gaium
791 1904 964 1966 Volcatium
988 1903 1109 1965 Tullum
1132 1903 1239 1965 adole-

212 2001 346 2052 scentem
373 1990 529 2067 praefecit3
564 1990 645 2069 ipse,
675 2011 740 2051 cum
763 2000 964 2051 maturescere
985 1991 1138 2052 frumenta
1158 1990 1237 2051 inci-

168 2097 197 2135 ao
211 2085 332 2156 perent,
368 2077 409 2136 ad
436 2076 548 2136 bellum
575 2076 760 2155 Ambiorigis
789 2078 940 2155 proiectus
962 2096 1017 2156 per
1037 2076 1238 2137 Arduennam

213 2162 337 2233 silvam,
372 2181 448 2241 quae
477 2172 524 2222 est
550 2163 644 2223 totius
674 2161 793 2224 Galliae
814 2163 954 2223 maxima
982 2171 1072 2242 atque
1099 2163 1139 2223 ab
1162 2163 1237 2242 ripis

213 2248 314 2310 Rheni
347 2248 516 2326 finibusque
550 2249 748 2309 Treverorum
777 2250 816 2309 ad
843 2249 973 2309 Nervios
1001 2248 1133 2328 pertinet
1154 2249 1238 2310 mili·

213 2334 330 2414 busque
353 2333 481 2412 amplius
504 2334 725 2414 quingentisiu
747 2334 963 2414 longitudinem
985 2343 1084 2414 patet,
1114 2334 1150 2395 L.
1174 2335 1239 2396 Mi-

214 2420 334 2482 nucium
365 2420 502 2480 Basilum
536 2441 603 2500 oum
632 2422 712 2481 omni
740 2422 876 2499 equitatu
897 2421 1080 2501 praemittit,
1115 2421 1237 2501 siquid

169 2528 197 2566 25
213 2507 366 2569 celeritate
400 2506 517 2567 itineris
552 2516 643 2587 atque
671 2508 898 2586 opportunitate
926 2507 1070 2586 temporis
1092 2508 1237 2587 proficere

211 2599 331 2674 posset3
355 2602 471 2666 monet,
495 2603 528 2653 ut
550 2593 634 2673 ignes
656 2594 688 2654 in
711 2594 820 2654 castris
843 2594 907 2655 fieri
928 2594 1102 2673 probibeat,
1127 2613 1239 2673 nequa

214 2679 278 2741 eius
302 2679 449 2739 adventus
472 2680 575 2759 procul
598 2680 773 2759 significatio
796 2681 865 2742 fiat:
895 2699 961 2740 sese
984 2679 1139 2741 confestim
1161 2681 1237 2741 sub-

170 2767 204 2817 30
214 2765 299 2845 sequi
322 2765 401 2825 dicit.
445 2765 567 2840 Basrlus
590 2776 624 2827 ut
645 2767 823 2845 imperatum
840 2776 886 2827 est
902 2767 990 2827 lacit:
1013 2767 1237 2828 celeriter'con-

214 2861 322 2932 traque
345 2852 476 2913 omnium
500 2853 670 2931 opinionem
693 2856 826 2914 conlecto
848 2853 955 2923 itinere
976 2853 1088 2913 multos
1107 2853 1139 2913 in
1155 2853 1237 2932 agris

170 2960 199 2997 oo
213 2938 404 3017 inopinantes
428 2939 637 3016 deprehendit3
666 2959 768 3013 eorum
790 2940 899 3001 indicio
923 2939 1082 3021 adipsum
1104 2938 1237 3000 Ambio-

214 3024 306 3105 rigem
339 3025 507 3098 contendit,
530 3045 599 3105 ‚quo
626 3026 658 3087 iu
686 3026 750 3087 loco
779 3046 845 3087 cum
867 3026 973 3105 paucis
996 3025 1144 3104 equitibus
1168 3045 1236 3087 esse

214 3112 378 3172 dicebatur.
423 3112 553 3173 Multum
575 3108 641 3174 cum
663 3112 694 3173 in
716 3113 853 3174 omnibus
876 3114 966 3173 rebus
989 3121 1053 3172 tum
1075 3111 1105 3172 in
1123 3130 1160 3172 re
1176 3111 1237 3172 mi-

214 3197 296 3259 litari
318 3206 421 3276 potest
441 3199 572 3260 fortuna.
617 3199 697 3260 Nam
720 3219 827 3279 magno
850 3207 885 3280 ut
907 3197 1015 3258 accidit
1038 3217 1124 3269 casu,
1148 3198 1238 3259 utin

213 3284 312 3365 ipsum
335 3284 487 3344 incautum
510 3285 600 3345 etiam
623 3295 713 3364 atque
736 3284 1099 3364 imparatum'incideret,
1132 3284 1238 3363 prius-

170 3393 197 3430 ω
215 3390 271 3450 que
294 3370 359 3431 eius
382 3372 530 3431 adventus
553 3372 591 3431 ab
608 3371 777 3432 bominibus
801 3371 960 3442 videretur,
985 3390 1074 3449 quam
1096 3371 1179 3431 lama
1201 3390 1239 3432 ac

213 3457 336 3519 nuntius
365 3457 544 3529 adferretur,
578 3457 622 3517 sic
649 3476 776 3536 magnae
803 3457 860 3517 luit
886 3458 1026 3517 fortunae
1049 3456 1237 3518 omnimili-

214 3544 273 3604 tari
295 3544 509 3615 instrumento,
539 3544 619 3622 quod
640 3543 747 3603 circum
772 3562 804 3602 se
826 3543 973 3614 habebat,
1009 3554 1125 3623 erepto,
1155 3544 1237 3605 redis

215 3630 357 3710 equisque
386 3629 608 3709 comprehensis
635 3628 733 3706 ipsum
762 3629 887 3708 effugere
915 3640 1050 3690 mortem.
1096 3630 1157 3692 Sed
1179 3631 1239 3692 hoc

214 3735 332 3796 quoque
365 3717 476 3777 factum
505 3723 567 3788 est,
602 3715 681 3795 quod
709 3715 842 3775 aedificio
870 3715 1051 3778 circumdato
1075 3717 1167 3790 silva,
1202 3726 1240 3778 ut

171 3823 199 3861 ro
215 3810 286 3862 sunt
317 3803 379 3863 lere
414 3802 562 3867 domicilia
596 3800 768 3873 Gallorum,
803 3801 852 3881 qui
879 3801 996 3863 vitandi
1018 3813 1121 3865 aestus
1144 3823 1240 3865 causa

214 3886 389 3966 plerumque
423 3889 567 3972 silvarum
601 3896 690 3967 atque
718 3888 874 3949 fluminum
896 3893 1009 3968 petuut'
1025 3889 1239 3970 propinquita-

218 3986 279 4046 tes,
309 3974 432 4035 comites
459 3974 680 4053 familiaresque
703 3975 768 4037 eius
791 3983 928 4056 augusto·
941 3974 973 4037 in
994 3976 1059 4037 loco
1082 3976 1240 4057 paulisper
