2616 4492
446 287 516 333 ura.
532 287 594 334 vn.
616 287 693 334 car.
709 267 847 333 ‘to—'ta
1095 268 1156 332 1³9

131 434 268 507 pateret,
299 436 444 506 quantum
473 445 608 488 summae
634 427 736 487 fossae
760 425 848 486 labra
870 425 1026 485 distarent.
1070 423 1157 485 Reli·

132 533 210 593 quas
240 532 343 574 omncs
371 513 553 574 munitiones
581 513 621 573 ab
644 532 680 573 ea
701 513 785 573 fossa
805 512 898 591 pedes
921 509 1157 589 quadringentos

131 599 269 670 reduxit,
292 599 323 659 id
345 599 402 659 hoc
425 598 564 671 consilio,
588 599 729 678 quoniam
750 607 869 658 tantum
892 605 973 657 esset
987 596 1157 657 necessario

133 686 267 764 spatium
291 685 479 764 complexus,
510 705 563 746 nec
587 685 674 746 facile
697 693 793 745 totum
817 702 923 762 corpus
946 701 1056 743 corona
1077 681 1157 742 mili-

132 781 197 831 turn
225 770 400 851 cingeretur,
434 791 471 832 ne
499 773 536 832 de
563 771 729 850 improviso
757 778 811 831 aut
838 779 928 830 noctu
951 770 991 830 ad
1013 768 1187 829 munitio-³

133 876 189 918 nes
222 857 355 918 hostium
388 857 548 919 multitudo
582 857 754 930 advolaret,
789 864 843 917 aut
874 855 1005 916 interdiu
1038 856 1101 916 tela
1126 855 1158 915 in

133 953 256 1005 nostros
281 943 362 1023 operi
384 944 551 1005 destinatos
575 943 717 1005 coniicere
739 951 872 1022 possent.
906 942 973 1003 Hoc
987 941 1157 1003 intermisso

133 1030 233 1108 spatio
262 1031 338 1091 duas
360 1032 461 1091 fossas
484 1047 535 1090 xv
557 1032 649 1110 pedes
672 1030 752 1091 latas
776 1031 880 1089 eadem
903 1028 1063 1089 altitudine
1084 1047 1158 1107 per-

133 1117 235 1189 duxit3
269 1135 394 1195 quarum
421 1117 595 1178 interiorem
623 1116 841 1195 campestribus
865 1134 901 1176 ac
923 1115 1062 1176 demissis
1084 1113 1158 1175 locis

133 1222 215 1282 aqua
248 1221 285 1263 ex
317 1203 438 1264 flumine
466 1204 606 1265 derivata
633 1202 802 1282 complevit.
846 1201 923 1262 Post
946 1221 998 1262 eas
1022 1219 1159 1280 aggerem
1173 1223 1202 1261 ro

134 1308 170 1348 ac
192 1288 305 1349 vallum
327 1304 383 1350 xm
405 1292 513 1369 pedum
537 1290 695 1350 exstruxit.
740 1288 819 1348 Huic
845 1287 967 1349 loricam
990 1287 1159 1366 pinnasque

134 1375 245 1435 adiecit
268 1376 431 1455 grandibus
455 1376 551 1438 cervis
575 1375 773 1436 eminentibus
795 1376 835 1435 ad
856 1374 1067 1435 commissuras
1089 1372 1158 1451 plu-

133 1471 251 1522 teorum
280 1470 370 1541 atque
399 1463 531 1543 aggeris,
566 1462 616 1540 qui
645 1480 802 1522 ascensum
830 1461 962 1520 hostium
984 1461 1158 1531 tardarent,

135 1556 166 1608 et
188 1557 285 1608 turres
308 1556 372 1608 toto
395 1567 485 1626 opere
508 1548 718 1620 circumdedit,
742 1564 817 1625 quae
838 1548 931 1626 pedes
954 1560 1059 1607 Lxxx
1080 1545 1160 1605 inter

134 1653 168 1694 se
191 1634 348 1694 distarent.
1174 1655 1202 1692 rs

199 1720 276 1779 Erat
299 1720 402 1780 eodem
424 1726 561 1798 tempore
585 1727 614 1778 et
635 1718 792 1779 materiari
806 1727 837 1778 et
850 1717 1027 1778 frumentari
1043 1725 1073 1778 et
1088 1720 1203 1777 tan-73

133 1813 184 1866 tas
207 1805 387 1866 munitiones
410 1805 476 1865 fieri
499 1824 620 1866 necesse
643 1803 804 1865 deminutis
822 1803 933 1864 nostris
950 1803 1059 1883 copiis,
1083 1822 1160 1882 quae

134 1890 254 1970 longius
277 1891 316 1952 ab
339 1890 447 1951 castris
469 1891 751 1971 progrediebantur3
775 1902 810 1950 ac
830 1908 1051 1970 nonnumquam
1068 1908 1161 1968 opera
1221 1910 1229 1921 ·

134 1986 242 2037 nostra
269 1976 351 2038 Galli
379 1985 528 2056 temptare
551 1985 641 2056 atque
664 1976 849 2056 eruptionem
872 1995 909 2036 ex
932 1976 1041 2056 oppido
1064 1975 1160 2055 pluri-

133 2064 192 2124 bus
218 2064 315 2142 portis
344 2082 462 2124 summa
483 2063 515 2124 vi
536 2064 633 2124 facere
657 2062 852 2124 conabantur.
897 2059 1000 2130 Quare
1024 2063 1063 2123 ad
1084 2063 1160 2123 haec
1174 2087 1204 2123 20

133 2168 237 2210 rursus
266 2169 358 2230 opera
386 2150 557 2211 addendum
587 2149 702 2212 Caesar
723 2148 859 2228 putavit,
884 2168 942 2229 quo
966 2149 1079 2209 minore
1102 2168 1161 2209 nu-

135 2255 217 2297 mero
241 2237 369 2297 militum
394 2237 574 2298 munitiones
598 2236 717 2298 defendi
739 2245 875 2315 possent.
920 2235 1029 2315 Itaque
1044 2235 1160 2296 truncis

136 2324 276 2383 arborum
310 2333 364 2385 aut
396 2324 558 2384 admodum
586 2323 680 2384 firmis
708 2322 801 2383 ramis
831 2321 957 2383 abscisis
986 2331 1076 2402 atque
1104 2322 1161 2382 ho-
1216 2342 1217 2345 ¹

135 2428 199 2469 rum
223 2409 378 2471 delibratis
402 2429 438 2470 ac
459 2410 629 2488 praeacutis
653 2408 855 2470 cacuminibus
877 2417 1042 2489 perpetuae
1060 2409 1161 2468 fossae

136 2495 241 2574 quinos
268 2497 362 2574 pedes
390 2496 471 2557 altae
498 2496 693 2557 ducebantur.
737 2496 806 2573 Huc
826 2494 870 2556 illi
893 2495 1012 2574 stipites
1036 2493 1160 2555 demissi
1175 2518 1203 2555 π

136 2591 167 2641 et
189 2582 227 2641 ab
249 2582 351 2642 infimo
374 2582 515 2654 revincti,
539 2601 576 2642 ne
598 2582 703 2643 revelli
718 2592 858 2661 possent,
883 2583 921 2643 ab
938 2581 1030 2642 ramis
1046 2580 1160 2641 emine-

134 2668 218 2727 bant.
264 2664 355 2735 Quini
384 2678 472 2729 erant
500 2668 621 2729 ordines
650 2668 800 2729 coniuncti
827 2667 906 2728 inter
933 2685 965 2727 se
988 2677 1079 2746 atque
1101 2666 1161 2727 im-

136 2752 254 2833 plicati3
278 2772 336 2830 quo
360 2754 410 2831 qui
431 2754 636 2826 intraverant,
660 2774 692 2814 se
714 2754 774 2833 ipsi
796 2753 977 2814 acutissimis
1000 2753 1089 2814 vallis
1112 2753 1161 2813 in-

137 2837 277 2900 duebant.
322 2838 388 2898 Hos
421 2839 523 2917 cippos
558 2840 762 2919 appellabant.
806 2839 890 2900 Ante
924 2858 998 2919 quos
1033 2839 1161 2918 obliquis

136 2923 291 2984 ordinibus
317 2923 348 2983 in
378 2923 570 3002 quincuncem
594 2925 748 3005 dispositis
772 2926 894 2986 scrobes
916 2934 978 2986 tres
1001 2925 1031 2985 in
1055 2925 1162 2985 altitu·
1176 2948 1205 2986 so

137 3010 237 3071 dinem
264 3010 355 3089 pedes
382 3009 574 3070 fodiebantur
599 3012 747 3089 paulatim
769 3011 941 3090 augustiore
965 3011 1005 3070 ad
1026 3009 1161 3071 infimum

135 3095 266 3175 fastigio.
302 3096 372 3157 Huc
393 3103 505 3156 teretes
528 3095 646 3173 stipites
669 3097 788 3158 feminis
804 3097 1003 3158 crassitudine
1019 3097 1056 3156 ab
1073 3115 1160 3157 sum-

135 3201 184 3243 mo
213 3182 368 3259 praeacuti
397 3190 428 3242 et
449 3181 585 3261 praeusti
607 3183 841 3243 demittebantur
862 3183 921 3255 ita,
955 3192 1071 3244 utnon
1095 3201 1162 3243 am·
1187 3176 1192 3186 '

135 3269 215 3348 plius
250 3267 351 3347 digitis
381 3276 525 3347 quattuor
554 3286 590 3328 ex
619 3277 700 3329 terra
723 3269 902 3341 eminerent3
938 3268 1026 3330 simul
1050 3269 1162 3328 confir-

135 3354 240 3416 mandi
273 3364 303 3415 et
336 3348 510 3415 stabiliendi
539 3373 630 3415 causa
657 3354 765 3434 singuli
796 3355 834 3415 ab
857 3354 958 3415 infimo
982 3354 1046 3415 solo
1069 3355 1205 3433 pedestri

136 3450 220 3502 terra
243 3440 475 3502 exculcabantur
482 3459 490 3514 3
524 3440 641 3520 reliqua
667 3460 739 3519 pars
768 3441 882 3501 scrobis
906 3442 945 3502 ad
969 3439 1162 3502 occultandas

136 3527 263 3588 iusidias
285 3527 505 3589 viminibus-ac
526 3527 665 3608 virgultis
687 3527 886 3606 integebatur.
913 3526 1022 3587 ,Huius
1045 3527 1162 3607 generis

137 3614 237 3675 octoni
265 3615 385 3676 ordines
413 3614 494 3675 ducti
522 3624 624 3675 ternos
646 3614 779 3674 intense
801 3614 893 3692 pedes
916 3613 1081 3674 distabant.
1126 3614 1162 3675 Id

136 3719 174 3760 ex
202 3700 398 3761 similitudine
426 3701 508 3762 floris
536 3701 632 3762 lilium
656 3695 862 3780 appellabant.
907 3699 992 3760 Ante
1014 3699 1088 3760 haec
1109 3709 1161 3762 ta-

137 3786 202 3847 leae
234 3789 340 3866 pedem
374 3787 481 3868 longae
513 3788 617 3848 ferreis
650 3787 749 3848 barnis
782 3785 882 3847 infixis
917 3795 1001 3846 totae
1034 3785 1065 3846 in
1098 3795 1206 3848 ter-m

138 3893 203 3933 ram
230 3873 453 3936 infodiebantur
480 3874 736 3953 mediocribusque
758 3872 940 3934 intermissis
964 3872 1072 3951 spatiis
1096 3893 1162 3934 orn-

138 3958 226 4020 nibus
264 3960 336 4020 locis
374 3960 621 4032 disserebantur3
666 3979 741 4039 quos
779 3959 915 4020 stimulos
954 3958 1159 4021 nominabant.
