2616 4492
997 228 1017 269 ti

211 292 256 358 90
539 310 588 358 nn
609 309 728 359 nunno
750 310 907 360 caturco
1006 270 1020 279 '¹

212 468 303 530 quam
324 449 355 510 id
377 448 482 522 faciat,
506 458 607 511 castra
628 450 756 512 Labieni
779 458 1028 533 oppugnaturum.
1066 447 1154 520 Quae
1168 450 1232 512 fieri

213 535 300 607 veiit,
323 535 476 615 praecipit.

170 626 204 680 ot
277 620 446 694 Labienus,
480 640 546 682 cum
575 630 606 683 ct
633 622 690 683 loci
717 631 826 684 natura
853 629 884 684 et
910 640 1001 683 manu
1023 621 1231 683 munitissimis

213 707 321 768 castris
357 727 423 768 sese
455 716 588 783 teneret,
623 710 660 769 de
693 727 748 769 suo
777 728 813 770 ac
839 708 965 789 legionis
992 708 1122 789 periculo
1156 709 1231 770 nibil

183 793 356 866 stimebat3
390 813 427 854 ne
456 813 545 873 quarn
575 795 760 857 occasionem
788 795 832 856 rei
858 796 935 856 bene
957 796 1103 875 gerendae
1127 794 1231 856 dimit-

212 888 306 954 teret,
339 880 500 960 cogitabat.
554 881 663 960 Itaque
691 901 711 942 a
738 880 927 962 Cingetorige
953 890 1042 961 atque
1071 881 1134 942 eius
1156 900 1230 961 pro-

211 967 331 1046 pinquis
365 967 499 1027 oratione
532 967 728 1028 indutiomari
762 967 894 1048 cognita,
929 986 1019 1047 quam
1046 967 1078 1028 in
1106 967 1230 1029 concilio

211 1053 373 1126 habuerat,
402 1053 523 1114 nuntios
552 1053 646 1114 mittit
668 1055 707 1115 ad
728 1054 872 1115 finitimas
895 1053 1033 1115 civitates
1056 1054 1230 1133 equitesque

211 1139 341 1218 undique
369 1148 490 1212 evocat3
519 1139 566 1200 his
595 1148 706 1213 certam
735 1141 811 1201 diem
835 1139 1029 1201 conveniendi
1051 1139 1131 1201 dicit.
1175 1140 1230 1201 In-

167 1250 197 1290 ro
211 1225 298 1287 terim
321 1244 414 1305 prope
436 1225 568 1305 quotidie
591 1244 657 1287 cnm
680 1227 761 1287 omni
783 1227 919 1306 equitatu
933 1226 1156 1288 Indutiomarus
1172 1226 1228 1287 sub

211 1311 317 1373 castris
347 1312 411 1373 eius
438 1313 618 1392 vagabatur,
653 1312 730 1373 alias
758 1322 792 1374 ut
815 1312 905 1373 situm
928 1321 1095 1373 castrorum
1118 1330 1229 1392 cogno-

211 1406 320 1472 sceret,
355 1397 431 1459 alias
464 1398 662 1478 conloquendi
696 1408 749 1460 aut
780 1399 940 1460 territandi
972 1415 1078 1472 causa;
1112 1399 1227 1478 equites

209 1485 383 1564 plerumque
411 1504 515 1546 omnes
538 1485 600 1546 tela
620 1484 703 1546 intra
724 1485 837 1545 vallum
861 1484 1067 1546 coniiciebant.
1110 1483 1226 1546 Labie-

209 1590 266 1632 nus
290 1590 361 1631 suos
389 1570 470 1631 intra
497 1571 691 1632 munitionem
713 1571 890 1632 continebat
910 1571 1085 1651 timorisque
1108 1570 1227 1650 opinio-

165 1682 193 1720 rs
208 1676 277 1718 nem
299 1657 532 1737 quibuscumque
554 1666 674 1737 poterat
696 1659 785 1719 rebus
808 1658 946 1738 augebat.

166 1749 200 1800 58
274 1743 350 1805 Cum
383 1743 497 1804 maiore
529 1743 561 1805 in
594 1743 658 1805 dies
691 1744 910 1824 contemptione
936 1742 1170 1804 indutiomarus·
1188 1743 1227 1803 ad

209 1839 312 1890 castra
334 1831 503 1904 accederet,
527 1839 614 1890 nocte
635 1849 697 1891 una
717 1830 900 1892 intromissis
923 1828 1072 1909 equitibus
1094 1828 1227 1890 omnium

208 1915 400 1976 finitimarum
424 1915 594 1990 civitatum,
623 1935 697 1996 quos
721 1918 915 1978 accersendos
939 1923 1110 1988 curaverat,
1139 1923 1227 1976 tanta

209 2000 364 2081 diligentia
392 2020 495 2063 omnes
518 2021 589 2064 suos
612 2003 755 2064 custodiis
777 2003 858 2064 intra
879 2011 981 2063 castra
1002 2000 1163 2076 continuit,
1192 2010 1227 2061 ut

164 2100 195 2139 2⁰
209 2087 293 2148 nulla
325 2087 440 2148 ratione
468 2107 504 2148 ea
536 2108 585 2149 res
614 2089 762 2149 enuntiari
790 2089 904 2150 autad
927 2087 1226 2167 Treverosperierri

207 2183 321 2252 posset.
364 2173 488 2235 Interim
512 2193 550 2234 ex
571 2175 784 2236 consuetudine
806 2174 982 2255 quotidiana
1002 2174 1226 2235 Indutiomams

207 2260 246 2320 ad
280 2268 382 2320 castra
410 2261 525 2321 accedit
552 2271 643 2340 atque
665 2261 706 2323 ibi
729 2280 869 2341 magnam
891 2269 1009 2340 partem
1033 2260 1092 2322 diei
1114 2278 1225 2321 consu-

207 2345 276 2419 mit;
301 2345 416 2426 equites
437 2346 499 2407 teia
521 2346 680 2408 coniiciunt
702 2355 733 2408 et
754 2366 865 2427 magna
879 2366 945 2408 curn
960 2346 1138 2408 contumelia
1150 2365 1223 2407 ver-

205 2432 313 2494 borum
347 2442 466 2494 nostros
500 2435 539 2494 ad
571 2452 701 2514 pugnam
735 2441 871 2494 evocant.
925 2432 1018 2495 Nullo
1047 2432 1222 2495 abnostris

162 2530 190 2570 ²³
206 2519 278 2579 dato
301 2536 462 2598 responso,
491 2519 542 2581 ubi
564 2520 662 2581 visum
685 2528 746 2592 est,
776 2519 832 2580 sub
854 2538 1015 2599 vesperum
1037 2519 1164 2599 dispersi
1186 2537 1223 2580 ac

205 2604 345 2684 dissipati
374 2605 537 2667 discedunt.
588 2604 694 2668 Subito
721 2605 874 2667 Labienus
897 2605 1013 2667 duabus
1035 2605 1132 2684 portis
1154 2624 1221 2667 om-

204 2710 274 2752 nem
297 2691 462 2770 equitatum
486 2691 609 2765 emittit;
637 2692 783 2772 praecipit
805 2701 895 2772 atque
916 2692 1079 2766 interdicit,
1101 2700 1222 2772 proter·-

205 2777 270 2838 ritis
292 2777 430 2839 hostibus
453 2786 544 2857 atque
566 2778 597 2839 in
618 2780 720 2859 fugam
743 2779 886 2841 coniectis
908 2813 951 2824 -
973 2779 1052 2858 quod
1073 2778 1150 2852 iore,
1174 2777 1220 2838 si-

203 2871 255 2924 cut
276 2863 399 2936 accidit,
427 2864 549 2925 videbat
570 2899 614 2911 -
634 2884 725 2926 unum
749 2884 851 2927 omnes
873 2872 1010 2945 peterent
1030 2863 1221 2924 Indutioma-

159 2961 190 3001 ³⁰
203 2968 284 3023 rum,
318 2969 376 3010 neu
409 2951 477 3030 quis
505 2969 593 3030 quem
620 2951 704 3031 prius
725 2951 876 3026 vulneret,
905 2969 995 3031 quam
1019 2949 1103 3012 illum
1124 2950 1222 3012 inter-

201 3037 312 3098 iectum
345 3036 469 3110 viderit,
504 3039 583 3117 quod
616 3057 701 3098 mora
732 3038 909 3119 reliquomm
940 3036 1071 3118 spatium
1099 3045 1221 3098 nactum

201 3121 287 3184 illum
315 3123 443 3203 effugere
471 3122 608 3196 nolebat3
642 3143 753 3204 magna
779 3125 920 3204 proponit
940 3124 993 3197 iis,
1028 3123 1079 3203 qui
1101 3121 1220 3184 occide-

202 3209 273 3282 rint,
296 3209 445 3290 praemia3
468 3210 629 3272 summittit
643 3211 779 3272 cohortes
796 3211 945 3290 equitibus
960 3209 1104 3272 subsidio.
1127 3209 1220 3271 Gom-

201 3298 312 3375 probat
345 3297 474 3358 hominis
502 3297 658 3358 concilim
685 3298 821 3370 fortuna,
855 3306 887 3358 et
913 3316 978 3358 cum
1001 3316 1092 3359 unum
1115 3314 1219 3357 omnes

157 3394 186 3433 π
201 3392 358 3461 peterent,
381 3383 413 3445 in
435 3383 500 3463 ipso
524 3383 652 3444 fluminis
674 3385 754 3444 vado
777 3383 979 3462 deprehensus
993 3383 1219 3445 Indutiomarus

201 3468 387 3543 interficitur,
421 3479 568 3550 caputque
602 3469 666 3530 eius
694 3472 820 3530 refertur
851 3469 883 3529 iu
911 3479 1025 3543 castra3
1058 3471 1218 3532 redeuntes

201 3556 316 3634 equites
349 3575 423 3636 quos
451 3564 578 3635 possunt
605 3563 814 3616 consectantur
841 3564 930 3635 atque
958 3556 1104 3619 occidunt.
1149 3556 1218 3616 Hac

200 3659 233 3701 re
259 3643 379 3723 cognita
405 3661 508 3703 omnes
536 3643 710 3703 Eburonum
738 3650 768 3701 et
793 3641 972 3704 Nerviorum
1001 3662 1075 3722 quae
1103 3660 1216 3704 conve-

200 3737 310 3789 nerant
336 3729 438 3808 copiae
461 3729 633 3801 discedunt,
662 3726 811 3807 pauloque
832 3729 939 3792 habuit
959 3738 1030 3811 post
1050 3729 1080 3790 id
1102 3730 1215 3791 iactum

157 3828 187 3867 ιο
201 3812 314 3876 Caesar
336 3815 509 3894 quietiorem
532 3814 674 3877 Galliam.
