2616 4492
32 389 41 403 ·
127 304 170 367 18
264 378 267 383 ‚
495 280 612 367 onnus
636 316 805 381 npnmun.

129 475 186 536 qne
220 454 259 515 ad
293 452 472 533 explendum
508 456 714 536 quodcumque
748 453 924 534 compendio
964 454 1157 535 designatum

86 556 89 562 ·
128 549 195 604 erat
228 540 448 621 promptissimi
480 543 600 603 fuerunt
632 542 768 613 librarii,
805 541 1000 621 quamobrem
1029 550 1064 603 ut
1095 544 1160 605 alia

127 630 271 708 pleraque
305 628 349 688 sic
383 628 475 689 etiam
509 630 708 707 praenomina
736 628 767 689 in
790 626 1017 707 probatissimis
1041 629 1187 693 nostris·

128 717 193 776 cdd.
217 714 355 794 plurimis
379 714 454 776 locis
476 715 565 794 plene
589 717 704 796 scripta
727 720 813 788 sunt,
847 723 937 794 atque
961 714 1040 775 alias
1064 717 1160 779 aliter

125 803 371 881 unumquodque,
396 803 644 881 quemadmodum
667 802 861 882 paucissimis
884 800 1020 881 exceptis
1043 801 1073 863 in
1098 824 1158 865 no-

68 940 72 945 .
126 898 193 957 stra
216 888 348 950 editione
372 888 562 951 exhibentur.

211 1060 371 1122 Postremo
394 1061 672 1121 demutationibus
695 1062 725 1121 in
749 1062 920 1122 universum
944 1060 976 1119 id
1004 1069 1052 1121 est
1080 1061 1155 1125 bre·
1190 1108 1195 1113 -

126 1148 207 1208 viter
229 1148 448 1208 admonendum
472 1167 510 1208 ex
531 1148 703 1209 huiusmodi
722 1147 875 1209 erroribus
889 1147 1008 1225 longius
1024 1167 1154 1228 progre-

126 1235 227 1295 diente
250 1234 419 1314 corrigendi
443 1244 554 1295 conatu
576 1254 671 1295 novos
695 1235 776 1295 haud
796 1254 865 1294 raro
881 1252 948 1293 esse
963 1244 1152 1311 procreatos.

126 1320 189 1382 Ubi
211 1320 288 1381 enim
312 1342 340 1381 v.
364 1340 388 1381 o.
412 1322 449 1380 ab
473 1322 503 1381 in
532 1321 574 1382 (nl
607 1330 756 1381 mutatum
784 1329 846 1394 est,
882 1339 1010 1399 sequens
1044 1342 1151 1383 nomen

126 1427 215 1469 casus
250 1409 448 1469 mutationem
482 1408 585 1469 subiit.
630 1409 737 1488 Itaque
760 1410 817 1481 32,
841 1405 882 1467 26
913 1406 957 1466 nd
978 1426 1152 1483 caesarem,

128 1493 204 1567 163,
229 1493 270 1555 36
293 1495 336 1555 ud
357 1494 481 1566 tantun,
506 1495 578 1564 144,
603 1495 621 1554 5
644 1495 687 1554 od
707 1494 909 1555 intonationem
941 1502 990 1554 est
1022 1495 1053 1554 in
1085 1498 1152 1559 odd.

126 1580 275 1643 Similiter
298 1581 452 1642 contraria
475 1582 642 1642 mutatione
665 1583 749 1642 tacta
774 1582 851 1654 142,
876 1581 917 1640 24
932 1581 970 1640 ol>
986 1579 1155 1662 critopnoti

123 1668 273 1728 sententio
295 1668 414 1748 legitur.
462 1668 532 1741 134,
556 1668 596 1727 35
628 1686 664 1727 ex
696 1668 878 1746 scriptione,
914 1686 990 1745 quae
1022 1670 1154 1747 genuina

95 1798 106 1823 ,ι
125 1774 192 1815 esse
215 1755 351 1827 videtur,
375 1760 486 1815 contra
509 1760 615 1815 costra
638 1752 751 1815 labieni
775 1756 888 1815 omisso
912 1754 1034 1831 proprio
1059 1775 1153 1818 accu-

126 1842 227 1902 sativo
250 1849 356 1903 castro
381 1842 434 1921 (of.
458 1862 523 1921 cap.
546 1842 570 1902 1.
593 1842 628 1901 B.
652 1857 674 1902 Ι.
700 1842 741 1920 1.)
764 1840 878 1902 labieni
898 1841 929 1900 in
958 1841 1022 1903 eius
1052 1842 1153 1905 locum

124 1929 282 1989 successit.
330 1927 406 2003 145,
430 1927 449 1989 9
474 1930 500 1989 si
522 1928 556 1989 aa
578 1927 682 1988 <titinio
705 1930 762 1989 t'uit
786 1937 876 2007 atque
898 1927 933 1987 to
954 1927 985 1987 in
999 1927 1044 1989 ud
1058 1932 1154 1992 vertit

127 2015 180 2097 (ct.
203 2014 243 2075 A.
267 2014 330 2099 2.),
354 2015 398 2075 od
419 2015 560 2075 (intimum
584 2015 652 2075 inde
676 2024 774 2076 ortum
798 2023 853 2075 est.
902 2014 972 2085 103,
996 2014 1037 2075 42
1053 2016 1080 2077 si
1095 2037 1153 2096 pro

124 2102 289 2162 adnot-ucis
322 2102 467 2181 scriptum
500 2110 547 2162 est
579 2102 622 2160 <nt
643 2101 765 2162 ‹iiotncis
792 2101 867 2180 (vid.
891 2120 919 2179 p.
943 2099 1018 2184 45),
1054 2123 1153 2166 novus

123 2189 213 2249 facile
236 2208 320 2249 error
342 2190 474 2250 accessit
495 2189 538 2249 oct
559 2194 701 2259 tentamus,
731 2188 872 2267 deinceps
895 2207 983 2261 vero,
1018 2189 1069 2249 ubi
1092 2210 1152 2251 no·

123 2275 213 2335 minis
236 2277 334 2335 foma
357 2277 479 2355 cognita
503 2283 565 2348 est,
589 2275 632 2335 od
654 2277 839 2347 natitantem,
863 2275 942 2354 quod
966 2281 1014 2334 est
1032 2275 1063 2335 in
1078 2277 1151 2339 ΒΛ.

123 2361 305 2442 Itaqueilie
329 2362 412 2423 locus
435 2363 645 2423 videturesse
669 2363 877 2441 corrigendus:
901 2380 978 2441 piano
998 2359 1159 2423 *td—ziani„

124 2448 168 2508 111
190 2447 317 2509 adiacet.
362 2449 485 2510 Diversi
507 2460 667 2527 praeterea
691 2449 808 2527 poneris
832 2448 971 2526 exempla
986 2457 1064 2509 sunt.
1094 2451 1149 2525 26,

127 2534 165 2596 19
188 2534 246 2595 has
270 2535 453 2595 mutationes
477 2536 543 2596 cdd.
567 2536 731 2614 praebent:
755 2535 852 2595 bootes
873 2533 1025 2614 equitatu:
1055 2536 1153 2599 bostis

122 2621 279 2701 equitatu:
309 2621 403 2681 bostis
424 2622 609 2702 equitatum:
642 2621 775 2682 bostium
803 2622 980 2702 oqna'totmn.
1028 2622 1105 2697 158,
1131 2625 1151 2687 6

123 2710 150 2769 si
174 2710 212 2769 ad
227 2708 310 2787 fines
332 2708 435 2788 glossa
468 2709 599 2770 accessit
627 2715 750 2789 pontes,
785 2710 892 2770 deinde
923 2710 1013 2771 facile
1038 2718 1150 2789 partes

115 2794 199 2875 finos
221 2796 252 2855 in
271 2802 381 2876 partos
395 2796 474 2876 finis
496 2804 527 2858 et
545 2802 654 2877 portos
669 2796 800 2877 finiunt,
824 2806 857 2858 ut
878 2795 994 2858 habent
1008 2795 1148 2872 ΛΜΤΠ,

123 2900 301 2945 conversum
324 2890 380 2944 est.
