<?xml version="1.0" encoding="UTF-8"?>
<!DOCTYPE html PUBLIC "-//W3C//DTD XHTML 1.0 Transitional//EN"
    "http://www.w3.org/TR/xhtml1/DTD/xhtml1-transitional.dtd">
<html xmlns="http://www.w3.org/1999/xhtml" xml:lang="en" lang="en">
 <head>
  <title>
</title>
<meta http-equiv="Content-Type" content="text/html;charset=utf-8" />
  <meta name='ocr-system' content='tesseract 3.04.00' />
  <meta name='ocr-capabilities' content='ocr_page ocr_carea ocr_par ocr_line ocrx_word'/>
</head>
<body>
  <div class='ocr_page' id='page_1' title='image "./debellogallicol00friggoog_0017.png"; bbox 0 0 2616 4492; ppageno 0'>
   <div class='ocr_carea' id='block_1_1' title="bbox 239 382 1299 2698">
    <p class='ocr_par' dir='ltr' id='par_1_1' title="bbox 239 382 1299 2698">
     <span class='ocr_line' id='line_1_1' title="bbox 239 382 1292 456; baseline 0.002 -13"><span class='ocrx_word' id='word_1_1' title='bbox 239 385 242 390; x_wconf 71' lang='grc'>’</span> <span class='ocrx_word' id='word_1_2' title='bbox 264 407 340 451; x_wconf 91' lang='lat' dir='ltr'><strong>sum,</strong></span> <span class='ocrx_word' id='word_1_3' title='bbox 368 382 595 456; x_wconf 80' lang='lat' dir='ltr'><strong>quemadmodum</strong></span> <span class='ocrx_word' id='word_1_4' title='bbox 616 387 739 441; x_wconf 90' lang='lat' dir='ltr'><strong>tollenda</strong></span> <span class='ocrx_word' id='word_1_5' title='bbox 760 393 850 440; x_wconf 77' lang='lat' dir='ltr'><strong>essent</strong></span> <span class='ocrx_word' id='word_1_6' title='bbox 871 388 971 442; x_wconf 90' lang='lat' dir='ltr'><strong>menda</strong></span> <span class='ocrx_word' id='word_1_7' title='bbox 992 387 1146 442; x_wconf 71' lang='lat' dir='ltr'><strong>occultiora.</strong></span> <span class='ocrx_word' id='word_1_8' title='bbox 1189 391 1292 445; x_wconf 85' lang='lat' dir='ltr'><strong>Eorum</strong></span> 
     </span>
     <span class='ocr_line' id='line_1_2' title="bbox 267 473 1292 544; baseline 0.003 -16"><span class='ocrx_word' id='word_1_9' title='bbox 267 477 341 529; x_wconf 89' lang='lat' dir='ltr'><strong>baud</strong></span> <span class='ocrx_word' id='word_1_10' title='bbox 364 491 453 543; x_wconf 89' lang='lat' dir='ltr'><strong>pauca</strong></span> <span class='ocrx_word' id='word_1_11' title='bbox 475 475 597 526; x_wconf 80' lang='lat' dir='ltr'>rhetores</span> <span class='ocrx_word' id='word_1_12' title='bbox 620 473 685 526; x_wconf 90' lang='lat' dir='ltr'><strong>olim</strong></span> <span class='ocrx_word' id='word_1_13' title='bbox 701 474 729 527; x_wconf 91' lang='lat' dir='ltr'><strong>in</strong></span> <span class='ocrx_word' id='word_1_14' title='bbox 744 473 799 526; x_wconf 92' lang='lat' dir='ltr'><strong>suis</strong></span> <span class='ocrx_word' id='word_1_15' title='bbox 815 474 890 528; x_wconf 91' lang='lat' dir='ltr'><strong>libris</strong></span> <span class='ocrx_word' id='word_1_16' title='bbox 905 480 1032 544; x_wconf 92' lang='lat' dir='ltr'><strong>prompte</strong></span> <span class='ocrx_word' id='word_1_17' title='bbox 1046 477 1224 540; x_wconf 88' lang='lat' dir='ltr'><strong>sustulerunt,</strong></span> <span class='ocrx_word' id='word_1_18' title='bbox 1247 495 1292 531; x_wconf 91' lang='lat' dir='ltr'><strong>ea-</strong></span> 
     </span>
     <span class='ocr_line' id='line_1_3' title="bbox 266 561 1294 632; baseline 0.002 -18"><span class='ocrx_word' id='word_1_19' title='bbox 266 579 320 631; x_wconf 88' lang='lat' dir='ltr'><strong>que</strong></span> <span class='ocrx_word' id='word_1_20' title='bbox 342 566 502 622; x_wconf 90' lang='lat' dir='ltr'><strong>causaest,</strong></span> <span class='ocrx_word' id='word_1_21' title='bbox 524 576 572 612; x_wconf 90' lang='lat' dir='ltr'><strong>cur</strong></span> <span class='ocrx_word' id='word_1_22' title='bbox 594 576 655 612; x_wconf 90' lang='lat' dir='ltr'><strong>cum</strong></span> <span class='ocrx_word' id='word_1_23' title='bbox 677 563 712 614; x_wconf 92' lang='lat' dir='ltr'><strong>ad</strong></span> <span class='ocrx_word' id='word_1_24' title='bbox 734 561 845 630; x_wconf 80' lang='lat' dir='ltr'><strong>regulas</strong></span> <span class='ocrx_word' id='word_1_25' title='bbox 867 563 1000 630; x_wconf 90' lang='lat' dir='ltr'><strong>quasdam</strong></span> <span class='ocrx_word' id='word_1_26' title='bbox 1022 566 1050 613; x_wconf 88' lang='lat' dir='ltr'><strong>et</strong></span> <span class='ocrx_word' id='word_1_27' title='bbox 1070 579 1149 616; x_wconf 90' lang='lat' dir='ltr'><strong>usum</strong></span> <span class='ocrx_word' id='word_1_28' title='bbox 1164 563 1294 632; x_wconf 91' lang='lat' dir='ltr'><strong>loquendi</strong></span> 
     </span>
     <span class='ocr_line' id='line_1_4' title="bbox 267 647 1293 717; baseline 0 -15"><span class='ocrx_word' id='word_1_29' title='bbox 267 650 352 702; x_wconf 88' lang='lat' dir='ltr'><strong>verba</strong></span> <span class='ocrx_word' id='word_1_30' title='bbox 384 647 564 717; x_wconf 78' lang='lat' dir='ltr'>corrigamus,</span> <span class='ocrx_word' id='word_1_31' title='bbox 596 648 665 698; x_wconf 90' lang='lat' dir='ltr'><strong>haec</strong></span> <span class='ocrx_word' id='word_1_32' title='bbox 692 647 784 699; x_wconf 93' lang='lat' dir='ltr'><strong>multis</strong></span> <span class='ocrx_word' id='word_1_33' title='bbox 812 647 878 701; x_wconf 91' lang='lat' dir='ltr'><strong>locis</strong></span> <span class='ocrx_word' id='word_1_34' title='bbox 900 650 936 701; x_wconf 92' lang='lat' dir='ltr'><strong>ad</strong></span> <span class='ocrx_word' id='word_1_35' title='bbox 958 649 1094 701; x_wconf 89' lang='lat' dir='ltr'><strong>secundae</strong></span> <span class='ocrx_word' id='word_1_36' title='bbox 1114 649 1208 702; x_wconf 89' lang='lat' dir='ltr'><strong>classis</strong></span> <span class='ocrx_word' id='word_1_37' title='bbox 1232 667 1293 702; x_wconf 91' lang='lat' dir='ltr'><strong>nor·</strong></span> 
     </span>
     <span class='ocr_line' id='line_1_5' title="bbox 267 732 1293 806; baseline 0 -18"><span class='ocrx_word' id='word_1_38' title='bbox 267 752 340 788; x_wconf 91' lang='lat' dir='ltr'><strong>mam</strong></span> <span class='ocrx_word' id='word_1_39' title='bbox 362 734 506 786; x_wconf 89' lang='lat' dir='ltr'><strong>emendare</strong></span> <span class='ocrx_word' id='word_1_40' title='bbox 527 732 675 785; x_wconf 90' lang='lat' dir='ltr'><strong>videamur.</strong></span> <span class='ocrx_word' id='word_1_41' title='bbox 719 733 790 786; x_wconf 87' lang='lat' dir='ltr'><strong>Fieri</strong></span> <span class='ocrx_word' id='word_1_42' title='bbox 813 734 884 788; x_wconf 91' lang='lat' dir='ltr'><strong>enim</strong></span> <span class='ocrx_word' id='word_1_43' title='bbox 906 734 953 788; x_wconf 87' lang='lat' dir='ltr'><strong>vix</strong></span> <span class='ocrx_word' id='word_1_44' title='bbox 974 734 1079 803; x_wconf 90' lang='lat' dir='ltr'><strong>potuit,</strong></span> <span class='ocrx_word' id='word_1_45' title='bbox 1101 737 1168 806; x_wconf 93' lang='lat' dir='ltr'><strong>quin</strong></span> <span class='ocrx_word' id='word_1_46' title='bbox 1188 735 1293 789; x_wconf 83' lang='grc'><strong>1111110-</strong></span> 
     </span>
     <span class='ocr_line' id='line_1_6' title="bbox 267 819 1294 889; baseline 0.002 -16"><span class='ocrx_word' id='word_1_47' title='bbox 267 822 368 882; x_wconf 91' lang='lat' dir='ltr'><strong>mines,</strong></span> <span class='ocrx_word' id='word_1_48' title='bbox 401 819 449 888; x_wconf 87' lang='lat' dir='ltr'><strong>qui</strong></span> <span class='ocrx_word' id='word_1_49' title='bbox 476 835 564 886; x_wconf 90' lang='lat' dir='ltr'><strong>neque</strong></span> <span class='ocrx_word' id='word_1_50' title='bbox 586 819 622 871; x_wconf 93' lang='lat' dir='ltr'><strong>ab</strong></span> <span class='ocrx_word' id='word_1_51' title='bbox 644 819 754 889; x_wconf 88' lang='lat' dir='ltr'><strong>ingenio</strong></span> <span class='ocrx_word' id='word_1_52' title='bbox 776 837 864 888; x_wconf 90' lang='lat' dir='ltr'><strong>neque</strong></span> <span class='ocrx_word' id='word_1_53' title='bbox 886 821 921 873; x_wconf 90' lang='lat' dir='ltr'><strong>ab</strong></span> <span class='ocrx_word' id='word_1_54' title='bbox 944 820 1098 874; x_wconf 90' lang='lat' dir='ltr'><strong>litterarum</strong></span> <span class='ocrx_word' id='word_1_55' title='bbox 1116 823 1230 874; x_wconf 88' lang='lat' dir='ltr'><strong>scientia</strong></span> <span class='ocrx_word' id='word_1_56' title='bbox 1252 840 1294 875; x_wconf 91' lang='lat' dir='ltr'><strong>es·</strong></span> 
     </span>
     <span class='ocr_line' id='line_1_7' title="bbox 267 904 1294 977; baseline 0 -16"><span class='ocrx_word' id='word_1_57' title='bbox 267 913 330 961; x_wconf 91' lang='lat' dir='ltr'><strong>sent</strong></span> <span class='ocrx_word' id='word_1_58' title='bbox 351 904 488 966; x_wconf 90' lang='lat' dir='ltr'><strong>destituti,</strong></span> <span class='ocrx_word' id='word_1_59' title='bbox 511 922 573 957; x_wconf 91' lang='lat' dir='ltr'><strong>cum</strong></span> <span class='ocrx_word' id='word_1_60' title='bbox 592 910 681 957; x_wconf 88' lang='lat' dir='ltr'><strong>totum</strong></span> <span class='ocrx_word' id='word_1_61' title='bbox 702 906 832 974; x_wconf 89' lang='lat' dir='ltr'><strong>scriptum</strong></span> <span class='ocrx_word' id='word_1_62' title='bbox 846 907 1012 960; x_wconf 87' lang='lat' dir='ltr'><strong>retractandi</strong></span> <span class='ocrx_word' id='word_1_63' title='bbox 1027 913 1119 976; x_wconf 91' lang='lat' dir='ltr'><strong>partes</strong></span> <span class='ocrx_word' id='word_1_64' title='bbox 1134 908 1187 961; x_wconf 89' lang='lat' dir='ltr'><strong>sibi</strong></span> <span class='ocrx_word' id='word_1_65' title='bbox 1202 925 1294 977; x_wconf 89' lang='lat' dir='ltr'><strong>sump-</strong></span> 
     </span>
     <span class='ocr_line' id='line_1_8' title="bbox 267 991 1295 1064; baseline 0.001 -18"><span class='ocrx_word' id='word_1_66' title='bbox 267 994 382 1053; x_wconf 79' lang='lat' dir='ltr'><strong>sissent,</strong></span> <span class='ocrx_word' id='word_1_67' title='bbox 404 991 554 1060; x_wconf 76' lang='lat' dir='ltr'><strong>scripturae</strong></span> <span class='ocrx_word' id='word_1_68' title='bbox 569 992 737 1060; x_wconf 80' lang='lat' dir='ltr'><strong>corruptelas</strong></span> <span class='ocrx_word' id='word_1_69' title='bbox 752 1009 954 1062; x_wconf 84' lang='lat' dir='ltr'><strong>nonnumquam</strong></span> <span class='ocrx_word' id='word_1_70' title='bbox 968 999 1041 1046; x_wconf 91' lang='lat' dir='ltr'><strong>recte</strong></span> <span class='ocrx_word' id='word_1_71' title='bbox 1055 1000 1189 1064; x_wconf 89' lang='lat' dir='ltr'><strong>acuteque</strong></span> <span class='ocrx_word' id='word_1_72' title='bbox 1205 1012 1295 1047; x_wconf 91' lang='lat' dir='ltr'><strong>emen·</strong></span> 
     </span>
     <span class='ocr_line' id='line_1_9' title="bbox 270 1077 1296 1149; baseline 0.003 -17"><span class='ocrx_word' id='word_1_73' title='bbox 270 1083 375 1132; x_wconf 90' lang='lat' dir='ltr'><strong>darent.</strong></span> <span class='ocrx_word' id='word_1_74' title='bbox 419 1079 489 1132; x_wconf 85' lang='lat' dir='ltr'><strong>Sunt</strong></span> <span class='ocrx_word' id='word_1_75' title='bbox 517 1077 544 1131; x_wconf 90' lang='lat' dir='ltr'><strong>hi</strong></span> <span class='ocrx_word' id='word_1_76' title='bbox 570 1079 627 1130; x_wconf 87' lang='lat' dir='ltr'><strong>fere</strong></span> <span class='ocrx_word' id='word_1_77' title='bbox 649 1078 700 1130; x_wconf 92' lang='lat' dir='ltr'><strong>loci</strong></span> <span class='ocrx_word' id='word_1_78' title='bbox 723 1078 763 1131; x_wconf 89' lang='lat' dir='ltr'><strong>ita</strong></span> <span class='ocrx_word' id='word_1_79' title='bbox 784 1080 947 1149; x_wconf 89' lang='lat' dir='ltr'><strong>comparati,</strong></span> <span class='ocrx_word' id='word_1_80' title='bbox 982 1085 1015 1132; x_wconf 91' lang='lat' dir='ltr'><strong>ut</strong></span> <span class='ocrx_word' id='word_1_81' title='bbox 1041 1081 1063 1133; x_wconf 89' lang='lat' dir='ltr'><strong>si</strong></span> <span class='ocrx_word' id='word_1_82' title='bbox 1085 1086 1224 1135; x_wconf 74' lang='lat' dir='ltr'><strong>statuatur</strong></span> <span class='ocrx_word' id='word_1_83' title='bbox 1246 1081 1296 1135; x_wconf 88' lang='lat' dir='ltr'><strong>illa</strong></span> 
     </span>
     <span class='ocr_line' id='line_1_10' title="bbox 270 1164 1296 1233; baseline 0 -13"><span class='ocrx_word' id='word_1_84' title='bbox 270 1164 392 1220; x_wconf 79' lang='lat' dir='ltr'><strong>Caesaris</strong></span> <span class='ocrx_word' id='word_1_85' title='bbox 426 1165 511 1216; x_wconf 88' lang='lat' dir='ltr'><strong>verba</strong></span> <span class='ocrx_word' id='word_1_86' title='bbox 543 1181 614 1225; x_wconf 89' lang='lat' dir='ltr'><strong>esse,</strong></span> <span class='ocrx_word' id='word_1_87' title='bbox 647 1181 719 1233; x_wconf 92' lang='lat' dir='ltr'><strong>quae</strong></span> <span class='ocrx_word' id='word_1_88' title='bbox 747 1165 802 1217; x_wconf 90' lang='lat' dir='ltr'><strong>sint</strong></span> <span class='ocrx_word' id='word_1_89' title='bbox 830 1165 857 1218; x_wconf 91' lang='lat' dir='ltr'><strong>in</strong></span> <span class='ocrx_word' id='word_1_90' title='bbox 884 1166 1020 1218; x_wconf 90' lang='lat' dir='ltr'><strong>codicibus</strong></span> <span class='ocrx_word' id='word_1_91' title='bbox 1043 1167 1223 1229; x_wconf 88' lang='lat' dir='ltr'><strong>secundariis,</strong></span> <span class='ocrx_word' id='word_1_92' title='bbox 1247 1183 1296 1230; x_wconf 83' lang='lat' dir='ltr'><strong>ea,</strong></span> 
     </span>
     <span class='ocr_line' id='line_1_11' title="bbox 271 1249 1296 1323; baseline 0 -18"><span class='ocrx_word' id='word_1_93' title='bbox 271 1269 343 1322; x_wconf 95' lang='lat' dir='ltr'><strong>quae</strong></span> <span class='ocrx_word' id='word_1_94' title='bbox 365 1252 515 1320; x_wconf 87' lang='lat' dir='ltr'><strong>praebeant</strong></span> <span class='ocrx_word' id='word_1_95' title='bbox 536 1249 670 1318; x_wconf 88' lang='lat' dir='ltr'><strong>primarii,</strong></span> <span class='ocrx_word' id='word_1_96' title='bbox 700 1250 763 1303; x_wconf 92' lang='lat' dir='ltr'><strong>oriri</strong></span> <span class='ocrx_word' id='word_1_97' title='bbox 785 1251 907 1319; x_wconf 89' lang='lat' dir='ltr'><strong>potuisse</strong></span> <span class='ocrx_word' id='word_1_98' title='bbox 929 1258 1055 1322; x_wconf 87' lang='lat' dir='ltr'><strong>apertum</strong></span> <span class='ocrx_word' id='word_1_99' title='bbox 1076 1254 1137 1316; x_wconf 91' lang='lat' dir='ltr'><strong>fiat,</strong></span> <span class='ocrx_word' id='word_1_100' title='bbox 1160 1256 1233 1323; x_wconf 92' lang='lat' dir='ltr'><strong>quod</strong></span> <span class='ocrx_word' id='word_1_101' title='bbox 1255 1253 1296 1322; x_wconf 89' lang='lat' dir='ltr'><strong>ip·</strong></span> 
     </span>
     <span class='ocr_line' id='line_1_12' title="bbox 271 1336 1296 1408; baseline 0.001 -17"><span class='ocrx_word' id='word_1_102' title='bbox 271 1356 332 1391; x_wconf 88' lang='lat' dir='ltr'><strong>sum</strong></span> <span class='ocrx_word' id='word_1_103' title='bbox 353 1338 381 1390; x_wconf 96' lang='lat' dir='ltr'><strong>in</strong></span> <span class='ocrx_word' id='word_1_104' title='bbox 404 1336 475 1388; x_wconf 92' lang='lat' dir='ltr'><strong>omni</strong></span> <span class='ocrx_word' id='word_1_105' title='bbox 498 1337 660 1389; x_wconf 90' lang='lat' dir='ltr'><strong>emendandi</strong></span> <span class='ocrx_word' id='word_1_106' title='bbox 682 1337 821 1390; x_wconf 86' lang='lat' dir='ltr'><strong>conamine</strong></span> <span class='ocrx_word' id='word_1_107' title='bbox 843 1344 885 1391; x_wconf 89' lang='lat' dir='ltr'><strong>est</strong></span> <span class='ocrx_word' id='word_1_108' title='bbox 906 1339 1112 1408; x_wconf 90' lang='lat' dir='ltr'><strong>respiciendum.</strong></span> <span class='ocrx_word' id='word_1_109' title='bbox 1157 1340 1296 1407; x_wconf 88' lang='lat' dir='ltr'><strong>Saepenu-</strong></span> 
     </span>
     <span class='ocr_line' id='line_1_13' title="bbox 271 1421 1297 1494; baseline 0.001 -17"><span class='ocrx_word' id='word_1_110' title='bbox 271 1442 345 1477; x_wconf 88' lang='lat' dir='ltr'><strong>mero</strong></span> <span class='ocrx_word' id='word_1_111' title='bbox 373 1429 467 1476; x_wconf 90' lang='lat' dir='ltr'><strong>autem</strong></span> <span class='ocrx_word' id='word_1_112' title='bbox 493 1421 521 1474; x_wconf 92' lang='lat' dir='ltr'><strong>in</strong></span> <span class='ocrx_word' id='word_1_113' title='bbox 549 1423 698 1476; x_wconf 80' lang='lat' dir='ltr'><strong>manifestis</strong></span> <span class='ocrx_word' id='word_1_114' title='bbox 725 1423 914 1492; x_wconf 90' lang='lat' dir='ltr'><strong>primariorum</strong></span> <span class='ocrx_word' id='word_1_115' title='bbox 936 1426 1177 1494; x_wconf 87' lang='lat' dir='ltr'><strong>depravationibus</strong></span> <span class='ocrx_word' id='word_1_116' title='bbox 1202 1442 1235 1479; x_wconf 89' lang='lat' dir='ltr'><strong>ea</strong></span> <span class='ocrx_word' id='word_1_117' title='bbox 1256 1431 1297 1478; x_wconf 91' lang='lat' dir='ltr'><strong>te·</strong></span> 
     </span>
     <span class='ocr_line' id='line_1_14' title="bbox 271 1508 1297 1581; baseline -0.001 -17"><span class='ocrx_word' id='word_1_118' title='bbox 271 1516 339 1564; x_wconf 90' lang='lat' dir='ltr'><strong>nent</strong></span> <span class='ocrx_word' id='word_1_119' title='bbox 366 1508 535 1570; x_wconf 86' lang='lat' dir='ltr'><strong>secundarii,</strong></span> <span class='ocrx_word' id='word_1_120' title='bbox 569 1525 641 1578; x_wconf 87' lang='lat' dir='ltr'><strong>quae</strong></span> <span class='ocrx_word' id='word_1_121' title='bbox 669 1509 780 1578; x_wconf 90' lang='lat' dir='ltr'><strong>quidem</strong></span> <span class='ocrx_word' id='word_1_122' title='bbox 801 1527 851 1578; x_wconf 93' lang='lat' dir='ltr'><strong>per</strong></span> <span class='ocrx_word' id='word_1_123' title='bbox 873 1529 902 1564; x_wconf 92' lang='lat' dir='ltr'><strong>se</strong></span> <span class='ocrx_word' id='word_1_124' title='bbox 924 1512 1067 1581; x_wconf 89' lang='lat' dir='ltr'><strong>probanda</strong></span> <span class='ocrx_word' id='word_1_125' title='bbox 1088 1512 1155 1573; x_wconf 90' lang='lat' dir='ltr'><strong>sint,</strong></span> <span class='ocrx_word' id='word_1_126' title='bbox 1190 1514 1238 1564; x_wconf 91' lang='lat' dir='ltr'><strong>sed</strong></span> <span class='ocrx_word' id='word_1_127' title='bbox 1260 1513 1297 1565; x_wconf 92' lang='lat' dir='ltr'><strong>ab</strong></span> 
     </span>
     <span class='ocr_line' id='line_1_15' title="bbox 271 1595 1298 1666; baseline 0.001 -17"><span class='ocrx_word' id='word_1_128' title='bbox 271 1598 319 1658; x_wconf 89' lang='lat' dir='ltr'><strong>iis,</strong></span> <span class='ocrx_word' id='word_1_129' title='bbox 353 1613 425 1666; x_wconf 89' lang='lat' dir='ltr'><strong>quae</strong></span> <span class='ocrx_word' id='word_1_130' title='bbox 452 1595 494 1647; x_wconf 89' lang='lat' dir='ltr'><strong>illi</strong></span> <span class='ocrx_word' id='word_1_131' title='bbox 519 1597 680 1656; x_wconf 88' lang='lat' dir='ltr'><strong>ostendunt,</strong></span> <span class='ocrx_word' id='word_1_132' title='bbox 713 1595 867 1649; x_wconf 86' lang='lat' dir='ltr'><strong>certissimis</strong></span> <span class='ocrx_word' id='word_1_133' title='bbox 890 1597 995 1650; x_wconf 91' lang='lat' dir='ltr'><strong>indiciis</strong></span> <span class='ocrx_word' id='word_1_134' title='bbox 1017 1599 1195 1651; x_wconf 84' lang='lat' dir='ltr'><strong>abhorreant:</strong></span> <span class='ocrx_word' id='word_1_135' title='bbox 1228 1599 1298 1650; x_wconf 85' lang='lat' dir='ltr'><strong>haee</strong></span> 
     </span>
     <span class='ocr_line' id='line_1_16' title="bbox 273 1679 1298 1752; baseline 0 -16"><span class='ocrx_word' id='word_1_136' title='bbox 273 1683 363 1736; x_wconf 90' lang='lat' dir='ltr'><strong>omnia</strong></span> <span class='ocrx_word' id='word_1_137' title='bbox 390 1682 417 1734; x_wconf 90' lang='lat' dir='ltr'><strong>in</strong></span> <span class='ocrx_word' id='word_1_138' title='bbox 445 1679 597 1750; x_wconf 90' lang='lat' dir='ltr'><strong>suspicione</strong></span> <span class='ocrx_word' id='word_1_139' title='bbox 624 1686 689 1734; x_wconf 91' lang='lat' dir='ltr'><strong>sunt</strong></span> <span class='ocrx_word' id='word_1_140' title='bbox 709 1698 798 1750; x_wconf 88' lang='lat' dir='ltr'><strong>neque</strong></span> <span class='ocrx_word' id='word_1_141' title='bbox 820 1683 872 1736; x_wconf 89' lang='lat' dir='ltr'><strong>nisi</strong></span> <span class='ocrx_word' id='word_1_142' title='bbox 894 1684 966 1737; x_wconf 92' lang='lat' dir='ltr'><strong>omni</strong></span> <span class='ocrx_word' id='word_1_143' title='bbox 989 1701 1038 1752; x_wconf 91' lang='lat' dir='ltr'><strong>spe</strong></span> <span class='ocrx_word' id='word_1_144' title='bbox 1060 1684 1176 1736; x_wconf 89' lang='lat' dir='ltr'><strong>certiora</strong></span> <span class='ocrx_word' id='word_1_145' title='bbox 1196 1684 1298 1752; x_wconf 91' lang='lat' dir='ltr'><strong>reperi-</strong></span> 
     </span>
     <span class='ocr_line' id='line_1_17' title="bbox 271 1767 1298 1835; baseline -0.001 -12"><span class='ocrx_word' id='word_1_146' title='bbox 271 1770 335 1823; x_wconf 89' lang='lat' dir='ltr'><strong>endi</strong></span> <span class='ocrx_word' id='word_1_147' title='bbox 367 1768 475 1822; x_wconf 90' lang='lat' dir='ltr'><strong>abiecta</strong></span> <span class='ocrx_word' id='word_1_148' title='bbox 508 1767 616 1820; x_wconf 88' lang='lat' dir='ltr'><strong>admitti</strong></span> <span class='ocrx_word' id='word_1_149' title='bbox 648 1773 769 1835; x_wconf 85' lang='lat' dir='ltr'><strong>possunt</strong></span> <span class='ocrx_word' id='word_1_150' title='bbox 813 1769 866 1823; x_wconf 90' lang='lat' dir='ltr'><strong>Ubi</strong></span> <span class='ocrx_word' id='word_1_151' title='bbox 895 1776 990 1823; x_wconf 88' lang='lat' dir='ltr'><strong>contra</strong></span> <span class='ocrx_word' id='word_1_152' title='bbox 1016 1771 1147 1822; x_wconf 85' lang='lat' dir='ltr'><strong>erravisse</strong></span> <span class='ocrx_word' id='word_1_153' title='bbox 1173 1771 1298 1822; x_wconf 89' lang='lat' dir='ltr'><strong>meliores</strong></span> 
     </span>
     <span class='ocr_line' id='line_1_18' title="bbox 272 1855 1298 1926; baseline 0 -18"><span class='ocrx_word' id='word_1_154' title='bbox 272 1873 360 1924; x_wconf 90' lang='lat' dir='ltr'><strong>neque</strong></span> <span class='ocrx_word' id='word_1_155' title='bbox 381 1855 516 1923; x_wconf 90' lang='lat' dir='ltr'><strong>scriptura</strong></span> <span class='ocrx_word' id='word_1_156' title='bbox 537 1871 587 1922; x_wconf 88' lang='lat' dir='ltr'><strong>per</strong></span> <span class='ocrx_word' id='word_1_157' title='bbox 608 1871 638 1906; x_wconf 88' lang='lat' dir='ltr'><strong>se</strong></span> <span class='ocrx_word' id='word_1_158' title='bbox 660 1860 756 1922; x_wconf 89' lang='lat' dir='ltr'><strong>aperte</strong></span> <span class='ocrx_word' id='word_1_159' title='bbox 777 1859 895 1908; x_wconf 89' lang='lat' dir='ltr'><strong>testatur</strong></span> <span class='ocrx_word' id='word_1_160' title='bbox 916 1873 966 1909; x_wconf 90' lang='lat' dir='ltr'><strong>nec</strong></span> <span class='ocrx_word' id='word_1_161' title='bbox 987 1856 1097 1926; x_wconf 84' lang='lat' dir='ltr'><strong>cognita</strong></span> <span class='ocrx_word' id='word_1_162' title='bbox 1115 1857 1175 1909; x_wconf 87' lang='lat' dir='ltr'><strong>ulla</strong></span> <span class='ocrx_word' id='word_1_163' title='bbox 1189 1873 1222 1909; x_wconf 90' lang='lat' dir='ltr'><strong>ac</strong></span> <span class='ocrx_word' id='word_1_164' title='bbox 1237 1873 1298 1924; x_wconf 91' lang='lat' dir='ltr'><strong>per·</strong></span> 
     </span>
     <span class='ocr_line' id='line_1_19' title="bbox 271 1939 1297 2010; baseline 0.001 -16"><span class='ocrx_word' id='word_1_165' title='bbox 271 1945 367 2010; x_wconf 90' lang='lat' dir='ltr'><strong>specta</strong></span> <span class='ocrx_word' id='word_1_166' title='bbox 394 1941 428 1992; x_wconf 88' lang='lat' dir='ltr'><strong>ad</strong></span> <span class='ocrx_word' id='word_1_167' title='bbox 457 1940 557 1992; x_wconf 90' lang='lat' dir='ltr'><strong>menda</strong></span> <span class='ocrx_word' id='word_1_168' title='bbox 578 1939 751 2008; x_wconf 81' lang='lat' dir='ltr'><strong>proclivitate</strong></span> <span class='ocrx_word' id='word_1_169' title='bbox 772 1942 917 2008; x_wconf 90' lang='lat' dir='ltr'><strong>probatum</strong></span> <span class='ocrx_word' id='word_1_170' title='bbox 940 1947 996 2003; x_wconf 91' lang='lat' dir='ltr'><strong>est,</strong></span> <span class='ocrx_word' id='word_1_171' title='bbox 1024 1943 1080 1995; x_wconf 93' lang='lat' dir='ltr'><strong>sive</strong></span> <span class='ocrx_word' id='word_1_172' title='bbox 1105 1944 1142 1994; x_wconf 90' lang='lat' dir='ltr'><strong>ad</strong></span> <span class='ocrx_word' id='word_1_173' title='bbox 1164 1942 1221 1996; x_wconf 91' lang='lat' dir='ltr'><strong>alia</strong></span> <span class='ocrx_word' id='word_1_174' title='bbox 1241 1959 1297 1995; x_wconf 91' lang='lat' dir='ltr'><strong>am·</strong></span> 
     </span>
     <span class='ocr_line' id='line_1_20' title="bbox 273 2026 1298 2098; baseline 0.001 -19"><span class='ocrx_word' id='word_1_175' title='bbox 273 2028 418 2096; x_wconf 91' lang='lat' dir='ltr'><strong>plectenda</strong></span> <span class='ocrx_word' id='word_1_176' title='bbox 445 2026 576 2077; x_wconf 87' lang='lat' dir='ltr'><strong>allectaut</strong></span> <span class='ocrx_word' id='word_1_177' title='bbox 604 2026 662 2076; x_wconf 90' lang='lat' dir='ltr'><strong>cdd.</strong></span> <span class='ocrx_word' id='word_1_178' title='bbox 685 2026 837 2079; x_wconf 90' lang='lat' dir='ltr'><strong>secundarii</strong></span> <span class='ocrx_word' id='word_1_179' title='bbox 864 2028 922 2080; x_wconf 91' lang='lat' dir='ltr'><strong>sive</strong></span> <span class='ocrx_word' id='word_1_180' title='bbox 949 2043 1000 2081; x_wconf 87' lang='lat' dir='ltr'><strong>sua</strong></span> <span class='ocrx_word' id='word_1_181' title='bbox 1020 2033 1159 2082; x_wconf 90' lang='lat' dir='ltr'><strong>ostentant</strong></span> <span class='ocrx_word' id='word_1_182' title='bbox 1180 2028 1298 2098; x_wconf 82' lang='lat' dir='ltr'><strong>sagacis·</strong></span> 
     </span>
     <span class='ocr_line' id='line_1_21' title="bbox 273 2109 1299 2182; baseline 0.002 -17"><span class='ocrx_word' id='word_1_183' title='bbox 273 2113 341 2165; x_wconf 91' lang='lat' dir='ltr'><strong>sime</strong></span> <span class='ocrx_word' id='word_1_184' title='bbox 362 2112 473 2164; x_wconf 88' lang='lat' dir='ltr'><strong>inventa</strong></span> <span class='ocrx_word' id='word_1_185' title='bbox 495 2109 615 2163; x_wconf 90' lang='lat' dir='ltr'><strong>homines</strong></span> <span class='ocrx_word' id='word_1_186' title='bbox 637 2127 736 2181; x_wconf 81' lang='lat' dir='ltr'><strong>magno</strong></span> <span class='ocrx_word' id='word_1_187' title='bbox 759 2112 867 2182; x_wconf 86' lang='lat' dir='ltr'><strong>ingenio</strong></span> <span class='ocrx_word' id='word_1_188' title='bbox 889 2112 1022 2182; x_wconf 87' lang='lat' dir='ltr'><strong>praediti,</strong></span> <span class='ocrx_word' id='word_1_189' title='bbox 1051 2115 1131 2175; x_wconf 91' lang='lat' dir='ltr'><strong>haec,</strong></span> <span class='ocrx_word' id='word_1_190' title='bbox 1160 2114 1224 2166; x_wconf 91' lang='lat' dir='ltr'><strong>lieet</strong></span> <span class='ocrx_word' id='word_1_191' title='bbox 1250 2131 1299 2182; x_wconf 89' lang='lat' dir='ltr'><strong>ap·</strong></span> 
     </span>
     <span class='ocr_line' id='line_1_22' title="bbox 273 2197 1299 2259; baseline 0.003 -9"><span class='ocrx_word' id='word_1_192' title='bbox 273 2199 379 2253; x_wconf 90' lang='lat' dir='ltr'><strong>tissima</strong></span> <span class='ocrx_word' id='word_1_193' title='bbox 405 2197 557 2259; x_wconf 91' lang='lat' dir='ltr'><strong>videantur,</strong></span> <span class='ocrx_word' id='word_1_194' title='bbox 585 2197 693 2250; x_wconf 86' lang='lat' dir='ltr'><strong>Caesari</strong></span> <span class='ocrx_word' id='word_1_195' title='bbox 715 2197 841 2251; x_wconf 91' lang='lat' dir='ltr'><strong>addicere</strong></span> <span class='ocrx_word' id='word_1_196' title='bbox 862 2200 937 2252; x_wconf 88' lang='lat' dir='ltr'><strong>nefas</strong></span> <span class='ocrx_word' id='word_1_197' title='bbox 960 2201 1099 2253; x_wconf 89' lang='lat' dir='ltr'><strong>habemus.</strong></span> <span class='ocrx_word' id='word_1_198' title='bbox 1143 2201 1299 2254; x_wconf 87' lang='lat' dir='ltr'><strong>Cavendum</strong></span> 
     </span>
     <span class='ocr_line' id='line_1_23' title="bbox 274 2283 1299 2354; baseline 0.002 -17"><span class='ocrx_word' id='word_1_199' title='bbox 274 2291 317 2338; x_wconf 87' lang='lat' dir='ltr'><strong>est</strong></span> <span class='ocrx_word' id='word_1_200' title='bbox 343 2283 471 2354; x_wconf 88' lang='lat' dir='ltr'><strong>religiose</strong></span> <span class='ocrx_word' id='word_1_201' title='bbox 497 2301 532 2335; x_wconf 92' lang='lat' dir='ltr'><strong>ne</strong></span> <span class='ocrx_word' id='word_1_202' title='bbox 558 2299 741 2351; x_wconf 90' lang='lat' dir='ltr'><strong>praepropere</strong></span> <span class='ocrx_word' id='word_1_203' title='bbox 764 2289 796 2336; x_wconf 91' lang='lat' dir='ltr'><strong>ut</strong></span> <span class='ocrx_word' id='word_1_204' title='bbox 817 2284 1000 2339; x_wconf 91' lang='lat' dir='ltr'><strong>intolerabilia</strong></span> <span class='ocrx_word' id='word_1_205' title='bbox 1021 2303 1208 2339; x_wconf 91' lang='lat' dir='ltr'><strong>removeamus</strong></span> <span class='ocrx_word' id='word_1_206' title='bbox 1231 2286 1299 2339; x_wconf 87' lang='lat' dir='ltr'><strong>diffi-</strong></span> 
     </span>
     <span class='ocr_line' id='line_1_24' title="bbox 273 2369 1299 2441; baseline 0 -17"><span class='ocrx_word' id='word_1_207' title='bbox 273 2371 375 2424; x_wconf 92' lang='lat' dir='ltr'><strong>ciliora.</strong></span> <span class='ocrx_word' id='word_1_208' title='bbox 418 2369 502 2431; x_wconf 89' lang='lat' dir='ltr'><strong>Nam,</strong></span> <span class='ocrx_word' id='word_1_209' title='bbox 536 2373 567 2421; x_wconf 90' lang='lat' dir='ltr'><strong>ut</strong></span> <span class='ocrx_word' id='word_1_210' title='bbox 593 2371 721 2438; x_wconf 86' lang='lat' dir='ltr'><strong>exempla</strong></span> <span class='ocrx_word' id='word_1_211' title='bbox 742 2370 877 2433; x_wconf 84' lang='lat' dir='ltr'><strong>adferam,</strong></span> <span class='ocrx_word' id='word_1_212' title='bbox 911 2372 1022 2426; x_wconf 88' lang='lat' dir='ltr'><strong>tolerari</strong></span> <span class='ocrx_word' id='word_1_213' title='bbox 1045 2372 1092 2425; x_wconf 89' lang='lat' dir='ltr'><strong>vix</strong></span> <span class='ocrx_word' id='word_1_214' title='bbox 1112 2378 1205 2441; x_wconf 92' lang='lat' dir='ltr'><strong>posset</strong></span> <span class='ocrx_word' id='word_1_215' title='bbox 1226 2373 1299 2440; x_wconf 94' lang='lat' dir='ltr'><strong>quod</strong></span> 
     </span>
     <span class='ocr_line' id='line_1_25' title="bbox 273 2455 1299 2529; baseline 0.001 -19"><span class='ocrx_word' id='word_1_216' title='bbox 273 2474 338 2527; x_wconf 85' lang='lat' dir='ltr'><strong>pag.</strong></span> <span class='ocrx_word' id='word_1_217' title='bbox 358 2456 416 2509; x_wconf 83' lang='lat'><strong>149</strong></span> <span class='ocrx_word' id='word_1_218' title='bbox 441 2473 465 2509; x_wconf 93' lang='lat' dir='ltr'><strong>v.</strong></span> <span class='ocrx_word' id='word_1_219' title='bbox 484 2455 521 2508; x_wconf 89' lang='lat'><strong>15</strong></span> <span class='ocrx_word' id='word_1_220' title='bbox 545 2456 649 2508; x_wconf 89' lang='lat' dir='ltr'><strong>babent</strong></span> <span class='ocrx_word' id='word_1_221' title='bbox 671 2457 729 2508; x_wconf 91' lang='lat' dir='ltr'><strong>cdd.</strong></span> <span class='ocrx_word' id='word_1_222' title='bbox 752 2456 869 2525; x_wconf 77' lang='lat' dir='ltr'><strong>lopiome</strong></span> <span class='ocrx_word' id='word_1_223' title='bbox 890 2471 967 2511; x_wconf 72' lang='lat' dir='ltr'><strong>nrm</strong></span> <span class='ocrx_word' id='word_1_224' title='bbox 991 2466 1016 2511; x_wconf 80' lang='lat' dir='ltr'><strong>ct</strong></span> <span class='ocrx_word' id='word_1_225' title='bbox 1036 2467 1153 2520; x_wconf 70' lang='lat' dir='ltr'><strong>amam,</strong></span> <span class='ocrx_word' id='word_1_226' title='bbox 1176 2458 1199 2510; x_wconf 94' lang='lat' dir='ltr'><strong>si</strong></span> <span class='ocrx_word' id='word_1_227' title='bbox 1214 2458 1299 2529; x_wconf 79' lang='lat' dir='ltr'><strong>legio·</strong></span> 
     </span>
     <span class='ocr_line' id='line_1_26' title="bbox 275 2542 1299 2615; baseline 0 -18"><span class='ocrx_word' id='word_1_228' title='bbox 275 2561 337 2597; x_wconf 93' lang='lat' dir='ltr'><strong>nem</strong></span> <span class='ocrx_word' id='word_1_229' title='bbox 373 2548 498 2611; x_wconf 85' lang='lat' dir='ltr'><strong>quartam</strong></span> <span class='ocrx_word' id='word_1_230' title='bbox 535 2542 666 2594; x_wconf 91' lang='lat' dir='ltr'><strong>decimam</strong></span> <span class='ocrx_word' id='word_1_231' title='bbox 702 2542 892 2612; x_wconf 81' lang='lat' dir='ltr'><strong>legionemque</strong></span> <span class='ocrx_word' id='word_1_232' title='bbox 924 2549 1030 2598; x_wconf 87' lang='lat' dir='ltr'><strong>sextam</strong></span> <span class='ocrx_word' id='word_1_233' title='bbox 1063 2546 1299 2615; x_wconf 76' lang='lat' dir='ltr'><strong>intellegeremus3</strong></span> 
     </span>
     <span class='ocr_line' id='line_1_27' title="bbox 273 2623 1299 2698; baseline -0.001 -15"><span class='ocrx_word' id='word_1_234' title='bbox 273 2635 354 2683; x_wconf 86' lang='lat' dir='ltr'><strong>sexta</strong></span> <span class='ocrx_word' id='word_1_235' title='bbox 376 2629 447 2681; x_wconf 86' lang='lat' dir='ltr'><strong>enirn</strong></span> <span class='ocrx_word' id='word_1_236' title='bbox 469 2627 541 2698; x_wconf 85' lang='lat' dir='ltr'><strong>legio</strong></span> <span class='ocrx_word' id='word_1_237' title='bbox 563 2627 591 2679; x_wconf 89' lang='lat' dir='ltr'><strong>in</strong></span> <span class='ocrx_word' id='word_1_238' title='bbox 613 2627 734 2681; x_wconf 84' lang='lat' dir='ltr'><strong>Caesaris</strong></span> <span class='ocrx_word' id='word_1_239' title='bbox 759 2630 881 2682; x_wconf 85' lang='lat' dir='ltr'><strong>exercitu</strong></span> <span class='ocrx_word' id='word_1_240' title='bbox 902 2648 956 2683; x_wconf 91' lang='lat' dir='ltr'><strong>non</strong></span> <span class='ocrx_word' id='word_1_241' title='bbox 977 2631 1058 2684; x_wconf 83' lang='lat' dir='ltr'><strong>facile</strong></span> <span class='ocrx_word' id='word_1_242' title='bbox 1077 2623 1175 2696; x_wconf 77' lang='lat' dir='ltr'><strong>fuit⁶);</strong></span> <span class='ocrx_word' id='word_1_243' title='bbox 1203 2636 1234 2684; x_wconf 90' lang='lat' dir='ltr'><strong>at</strong></span> <span class='ocrx_word' id='word_1_244' title='bbox 1255 2647 1299 2683; x_wconf 87' lang='lat' dir='ltr'><strong>ve·</strong></span> 
     </span>
    </p>
   </div>
   <div class='ocr_carea' id='block_1_2' title="bbox 275 2787 1304 4084">
    <p class='ocr_par' dir='ltr' id='par_1_2' title="bbox 275 2787 1304 4084">
     <span class='ocr_line' id='line_1_28' title="bbox 346 2787 1300 2857; baseline 0 -19"><span class='ocrx_word' id='word_1_245' title='bbox 346 2787 364 2848; x_wconf 77' lang='lat'><strong>⁰)</strong></span> <span class='ocrx_word' id='word_1_246' title='bbox 381 2789 492 2838; x_wconf 89' lang='lat' dir='ltr'><strong>Ratione</strong></span> <span class='ocrx_word' id='word_1_247' title='bbox 510 2789 597 2839; x_wconf 88' lang='lat' dir='ltr'><strong>habita</strong></span> <span class='ocrx_word' id='word_1_248' title='bbox 615 2805 701 2839; x_wconf 89' lang='lat' dir='ltr'><strong>earnm</strong></span> <span class='ocrx_word' id='word_1_249' title='bbox 720 2791 861 2856; x_wconf 78' lang='lat' dir='ltr'><strong>legionum,</strong></span> <span class='ocrx_word' id='word_1_250' title='bbox 880 2807 944 2856; x_wconf 89' lang='lat' dir='ltr'><strong>quas</strong></span> <span class='ocrx_word' id='word_1_251' title='bbox 962 2793 1072 2857; x_wconf 90' lang='lat' dir='ltr'><strong>populus</strong></span> <span class='ocrx_word' id='word_1_252' title='bbox 1091 2792 1222 2841; x_wconf 86' lang='lat' dir='ltr'><strong>Romanus</strong></span> <span class='ocrx_word' id='word_1_253' title='bbox 1241 2797 1300 2839; x_wconf 89' lang='lat' dir='ltr'><strong>ante</strong></span> 
     </span>
     <span class='ocr_line' id='line_1_29' title="bbox 276 2857 1299 2925; baseline -0.001 -18"><span class='ocrx_word' id='word_1_254' title='bbox 276 2858 397 2912; x_wconf 85' lang='lat' dir='ltr'><strong>babebat.</strong></span> <span class='ocrx_word' id='word_1_255' title='bbox 416 2857 509 2906; x_wconf 86' lang='lat' dir='ltr'><strong>Caesar</strong></span> <span class='ocrx_word' id='word_1_256' title='bbox 526 2874 599 2916; x_wconf 90' lang='lat' dir='ltr'><strong>suas,</strong></span> <span class='ocrx_word' id='word_1_257' title='bbox 627 2867 656 2909; x_wconf 91' lang='lat' dir='ltr'><strong>ut</strong></span> <span class='ocrx_word' id='word_1_258' title='bbox 673 2861 761 2923; x_wconf 88' lang='lat' dir='ltr'><strong>primis</strong></span> <span class='ocrx_word' id='word_1_259' title='bbox 781 2875 825 2908; x_wconf 89' lang='lat' dir='ltr'><strong>sex</strong></span> <span class='ocrx_word' id='word_1_260' title='bbox 843 2861 917 2909; x_wconf 89' lang='lat' dir='ltr'><strong>annis</strong></span> <span class='ocrx_word' id='word_1_261' title='bbox 936 2876 1050 2925; x_wconf 88' lang='lat' dir='ltr'><strong>quaeque</strong></span> <span class='ocrx_word' id='word_1_262' title='bbox 1068 2861 1189 2916; x_wconf 90' lang='lat' dir='ltr'><strong>accessit,</strong></span> <span class='ocrx_word' id='word_1_263' title='bbox 1212 2873 1299 2921; x_wconf 88' lang='lat' dir='ltr'><strong>perpe·</strong></span> 
     </span>
     <span class='ocr_line' id='line_1_30' title="bbox 275 2927 1300 2993; baseline -0.002 -17"><span class='ocrx_word' id='word_1_264' title='bbox 275 2935 322 2976; x_wconf 87' lang='lat' dir='ltr'><strong>tna</strong></span> <span class='ocrx_word' id='word_1_265' title='bbox 340 2928 404 2975; x_wconf 89' lang='lat' dir='ltr'><strong>serie</strong></span> <span class='ocrx_word' id='word_1_266' title='bbox 421 2941 460 2974; x_wconf 89' lang='lat' dir='ltr'><strong>vu</strong></span> <span class='ocrx_word' id='word_1_267' title='bbox 478 2941 558 2990; x_wconf 92' lang='lat' dir='ltr'><strong>usque</strong></span> <span class='ocrx_word' id='word_1_268' title='bbox 576 2927 609 2975; x_wconf 85' lang='lat' dir='ltr'><strong>ad</strong></span> <span class='ocrx_word' id='word_1_269' title='bbox 626 2941 664 2976; x_wconf 85' lang='lat' dir='ltr'><strong>xv</strong></span> <span class='ocrx_word' id='word_1_270' title='bbox 682 2928 840 2991; x_wconf 85' lang='lat' dir='ltr'><strong>appellabat,</strong></span> <span class='ocrx_word' id='word_1_271' title='bbox 858 2935 884 2978; x_wconf 92' lang='lat' dir='ltr'><strong>et</strong></span> <span class='ocrx_word' id='word_1_272' title='bbox 902 2935 1002 2993; x_wconf 88' lang='lat' dir='ltr'><strong>praeter</strong></span> <span class='ocrx_word' id='word_1_273' title='bbox 1019 2929 1066 2977; x_wconf 83' lang='lat' dir='ltr'><strong>has</strong></span> <span class='ocrx_word' id='word_1_274' title='bbox 1079 2943 1167 2978; x_wconf 91' lang='lat' dir='ltr'><strong>novem</strong></span> <span class='ocrx_word' id='word_1_275' title='bbox 1180 2935 1300 2983; x_wconf 88' lang='lat' dir='ltr'><strong>veterem,</strong></span> 
     </span>
     <span class='ocr_line' id='line_1_31' title="bbox 275 2994 1300 3061; baseline -0.002 -17"><span class='ocrx_word' id='word_1_276' title='bbox 275 3010 340 3059; x_wconf 88' lang='lat' dir='ltr'><strong>quse</strong></span> <span class='ocrx_word' id='word_1_277' title='bbox 358 3009 367 3044; x_wconf 92' lang='lat' dir='ltr'><strong>r</strong></span> <span class='ocrx_word' id='word_1_278' title='bbox 385 2994 528 3052; x_wconf 86' lang='lat' dir='ltr'><strong>vocabatur,</strong></span> <span class='ocrx_word' id='word_1_279' title='bbox 556 2995 588 3043; x_wconf 87' lang='lat' dir='ltr'><strong>ad</strong></span> <span class='ocrx_word' id='word_1_280' title='bbox 611 3011 669 3044; x_wconf 93' lang='lat' dir='ltr'><strong>eum</strong></span> <span class='ocrx_word' id='word_1_281' title='bbox 688 2997 823 3060; x_wconf 89' lang='lat' dir='ltr'><strong>Pompeius</strong></span> <span class='ocrx_word' id='word_1_282' title='bbox 841 2999 952 3047; x_wconf 87' lang='lat' dir='ltr'><strong>miserat.</strong></span> <span class='ocrx_word' id='word_1_283' title='bbox 989 2999 1079 3061; x_wconf 87' lang='lat' dir='ltr'><strong>Itaque</strong></span> <span class='ocrx_word' id='word_1_284' title='bbox 1102 3012 1145 3054; x_wconf 86' lang='lat' dir='ltr'><strong>ea,</strong></span> <span class='ocrx_word' id='word_1_285' title='bbox 1171 3010 1235 3059; x_wconf 92' lang='lat' dir='ltr'><strong>quae</strong></span> <span class='ocrx_word' id='word_1_286' title='bbox 1259 3010 1300 3043; x_wconf 88' lang='lat' dir='ltr'><strong>ex·</strong></span> 
     </span>
     <span class='ocr_line' id='line_1_32' title="bbox 275 3065 1300 3128; baseline -0.002 -15"><span class='ocrx_word' id='word_1_287' title='bbox 275 3074 356 3113; x_wconf 86' lang='lat' dir='ltr'><strong>tremo</strong></span> <span class='ocrx_word' id='word_1_288' title='bbox 381 3079 447 3113; x_wconf 90' lang='lat' dir='ltr'><strong>auno</strong></span> <span class='ocrx_word' id='word_1_289' title='bbox 467 3065 573 3126; x_wconf 88' lang='lat' dir='ltr'><strong>septimo</strong></span> <span class='ocrx_word' id='word_1_290' title='bbox 592 3067 736 3128; x_wconf 90' lang='lat' dir='ltr'><strong>conscripta</strong></span> <span class='ocrx_word' id='word_1_291' title='bbox 753 3067 845 3115; x_wconf 85' lang='lat' dir='ltr'><strong>ultima</strong></span> <span class='ocrx_word' id='word_1_292' title='bbox 863 3068 1001 3116; x_wconf 87' lang='lat' dir='ltr'><strong>accessisse</strong></span> <span class='ocrx_word' id='word_1_293' title='bbox 1018 3067 1127 3122; x_wconf 90' lang='lat' dir='ltr'><strong>videtur,</strong></span> <span class='ocrx_word' id='word_1_294' title='bbox 1154 3078 1202 3112; x_wconf 82' lang='lat' dir='ltr'><strong>xvr</strong></span> <span class='ocrx_word' id='word_1_295' title='bbox 1220 3065 1300 3112; x_wconf 88' lang='lat' dir='ltr'><strong>nomi·</strong></span> 
     </span>
     <span class='ocr_line' id='line_1_33' title="bbox 276 3132 1301 3192; baseline -0.001 -11"><span class='ocrx_word' id='word_1_296' title='bbox 276 3134 361 3182; x_wconf 88' lang='lat' dir='ltr'><strong>nanda</strong></span> <span class='ocrx_word' id='word_1_297' title='bbox 378 3133 439 3189; x_wconf 82' lang='lat' dir='ltr'><strong>fuit,</strong></span> <span class='ocrx_word' id='word_1_298' title='bbox 468 3146 514 3181; x_wconf 85' lang='lat' dir='ltr'><strong>nec</strong></span> <span class='ocrx_word' id='word_1_299' title='bbox 533 3132 613 3181; x_wconf 88' lang='lat' dir='ltr'><strong>ullam</strong></span> <span class='ocrx_word' id='word_1_300' title='bbox 631 3135 747 3183; x_wconf 90' lang='lat' dir='ltr'><strong>novimus</strong></span> <span class='ocrx_word' id='word_1_301' title='bbox 765 3149 883 3192; x_wconf 85' lang='lat' dir='ltr'><strong>oausam,</strong></span> <span class='ocrx_word' id='word_1_302' title='bbox 911 3151 956 3185; x_wconf 88' lang='lat' dir='ltr'><strong>cnr</strong></span> <span class='ocrx_word' id='word_1_303' title='bbox 978 3135 1046 3183; x_wconf 88' lang='lat' dir='ltr'><strong>banc</strong></span> <span class='ocrx_word' id='word_1_304' title='bbox 1063 3135 1104 3181; x_wconf 89' lang='lat' dir='ltr'><strong>vel</strong></span> <span class='ocrx_word' id='word_1_305' title='bbox 1122 3148 1194 3181; x_wconf 89' lang='lat' dir='ltr'><strong>verso</strong></span> <span class='ocrx_word' id='word_1_306' title='bbox 1214 3133 1301 3181; x_wconf 88' lang='lat' dir='ltr'><strong>ordine</strong></span> 
     </span>
     <span class='ocr_line' id='line_1_34' title="bbox 276 3199 1301 3265; baseline -0.001 -15"><span class='ocrx_word' id='word_1_307' title='bbox 276 3216 303 3250; x_wconf 87' lang='lat' dir='ltr'><strong>vr</strong></span> <span class='ocrx_word' id='word_1_308' title='bbox 322 3201 478 3263; x_wconf 87' lang='lat' dir='ltr'><strong>appellaret,</strong></span> <span class='ocrx_word' id='word_1_309' title='bbox 507 3200 573 3263; x_wconf 91' lang='lat' dir='ltr'><strong>quod</strong></span> <span class='ocrx_word' id='word_1_310' title='bbox 596 3201 697 3264; x_wconf 88' lang='lat' dir='ltr'><strong>quidem</strong></span> <span class='ocrx_word' id='word_1_311' title='bbox 724 3202 844 3265; x_wconf 87' lang='lat' dir='ltr'><strong>probatur</strong></span> <span class='ocrx_word' id='word_1_312' title='bbox 867 3199 1019 3260; x_wconf 86' lang='lat' dir='ltr'><strong>editoribus,</strong></span> <span class='ocrx_word' id='word_1_313' title='bbox 1047 3202 1087 3248; x_wconf 90' lang='lat' dir='ltr'><strong>vel</strong></span> <span class='ocrx_word' id='word_1_314' title='bbox 1109 3201 1181 3248; x_wconf 92' lang='lat' dir='ltr'><strong>nullo</strong></span> <span class='ocrx_word' id='word_1_315' title='bbox 1198 3216 1301 3263; x_wconf 89' lang='lat' dir='ltr'><strong>prorsus</strong></span> 
     </span>
     <span class='ocr_line' id='line_1_35' title="bbox 276 3269 1302 3334; baseline -0.002 -15"><span class='ocrx_word' id='word_1_316' title='bbox 276 3270 363 3319; x_wconf 90' lang='lat' dir='ltr'><strong>ordine</strong></span> <span class='ocrx_word' id='word_1_317' title='bbox 381 3274 482 3317; x_wconf 88' lang='lat' dir='ltr'><strong>servato</strong></span> <span class='ocrx_word' id='word_1_318' title='bbox 501 3283 544 3325; x_wconf 88' lang='lat'><strong>111,</strong></span> <span class='ocrx_word' id='word_1_319' title='bbox 563 3283 638 3332; x_wconf 87' lang='lat' dir='ltr'><strong>quam</strong></span> <span class='ocrx_word' id='word_1_320' title='bbox 658 3272 811 3319; x_wconf 88' lang='lat' dir='ltr'><strong>sententiam</strong></span> <span class='ocrx_word' id='word_1_321' title='bbox 830 3285 911 3334; x_wconf 88' lang='lat' dir='ltr'><strong>nuper</strong></span> <span class='ocrx_word' id='word_1_322' title='bbox 929 3271 1036 3333; x_wconf 85' lang='lat' dir='ltr'><strong>protulit</strong></span> <span class='ocrx_word' id='word_1_323' title='bbox 1053 3285 1103 3317; x_wconf 92' lang='lat' dir='ltr'><strong>von</strong></span> <span class='ocrx_word' id='word_1_324' title='bbox 1122 3269 1220 3325; x_wconf 88' lang='lat' dir='ltr'><strong>Goeler,</strong></span> <span class='ocrx_word' id='word_1_325' title='bbox 1240 3269 1302 3317; x_wconf 89' lang='lat' dir='ltr'><strong>liber</strong></span> 
     </span>
     <span class='ocr_line' id='line_1_36' title="bbox 276 3337 1301 3401; baseline -0.002 -15"><span class='ocrx_word' id='word_1_326' title='bbox 276 3340 335 3386; x_wconf 89' lang='lat' dir='ltr'><strong>baro</strong></span> <span class='ocrx_word' id='word_1_327' title='bbox 355 3338 531 3400; x_wconf 88' lang='lat' dir='ltr'><strong>perinlustris,</strong></span> <span class='ocrx_word' id='word_1_328' title='bbox 562 3340 605 3401; x_wconf 92' lang='lat' dir='ltr'><strong>qni</strong></span> <span class='ocrx_word' id='word_1_329' title='bbox 629 3339 660 3388; x_wconf 93' lang='lat' dir='ltr'><strong>ob</strong></span> <span class='ocrx_word' id='word_1_330' title='bbox 683 3339 775 3388; x_wconf 85' lang='lat' dir='ltr'><strong>eximia</strong></span> <span class='ocrx_word' id='word_1_331' title='bbox 793 3354 841 3388; x_wconf 86' lang='lat' dir='ltr'><strong>sna</strong></span> <span class='ocrx_word' id='word_1_332' title='bbox 858 3340 884 3387; x_wconf 94' lang='lat' dir='ltr'><strong>in</strong></span> <span class='ocrx_word' id='word_1_333' title='bbox 903 3353 956 3386; x_wconf 89' lang='lat' dir='ltr'><strong>rem</strong></span> <span class='ocrx_word' id='word_1_334' title='bbox 974 3339 1110 3386; x_wconf 86' lang='lat' dir='ltr'><strong>militarem</strong></span> <span class='ocrx_word' id='word_1_335' title='bbox 1129 3337 1301 3386; x_wconf 87' lang='lat' dir='ltr'><strong>Romanorum</strong></span> 
     </span>
     <span class='ocr_line' id='line_1_37' title="bbox 276 3406 1302 3472; baseline -0.001 -17"><span class='ocrx_word' id='word_1_336' title='bbox 276 3406 459 3455; x_wconf 83' lang='lat' dir='ltr'><strong>enucleandam</strong></span> <span class='ocrx_word' id='word_1_337' title='bbox 478 3407 568 3454; x_wconf 87' lang='lat' dir='ltr'><strong>merita</strong></span> <span class='ocrx_word' id='word_1_338' title='bbox 591 3407 682 3472; x_wconf 86' lang='lat' dir='ltr'><strong>dignus</strong></span> <span class='ocrx_word' id='word_1_339' title='bbox 707 3414 759 3463; x_wconf 90' lang='lat' dir='ltr'><strong>est,</strong></span> <span class='ocrx_word' id='word_1_340' title='bbox 786 3421 862 3471; x_wconf 89' lang='lat' dir='ltr'><strong>quem</strong></span> <span class='ocrx_word' id='word_1_341' title='bbox 882 3422 980 3455; x_wconf 91' lang='lat' dir='ltr'><strong>summo</strong></span> <span class='ocrx_word' id='word_1_342' title='bbox 999 3422 1057 3455; x_wconf 93' lang='lat' dir='ltr'><strong>cum</strong></span> <span class='ocrx_word' id='word_1_343' title='bbox 1075 3407 1170 3454; x_wconf 90' lang='lat' dir='ltr'><strong>honore</strong></span> <span class='ocrx_word' id='word_1_344' title='bbox 1188 3407 1302 3454; x_wconf 90' lang='lat' dir='ltr'><strong>nomine·</strong></span> 
     </span>
     <span class='ocr_line' id='line_1_38' title="bbox 277 3474 1302 3539; baseline 0 -17"><span class='ocrx_word' id='word_1_345' title='bbox 277 3491 341 3522; x_wconf 92' lang='lat' dir='ltr'><strong>mus.</strong></span> <span class='ocrx_word' id='word_1_346' title='bbox 376 3475 432 3523; x_wconf 89' lang='lat' dir='ltr'><strong>Hoc</strong></span> <span class='ocrx_word' id='word_1_347' title='bbox 458 3480 544 3523; x_wconf 89' lang='lat' dir='ltr'><strong>tamen</strong></span> <span class='ocrx_word' id='word_1_348' title='bbox 571 3476 625 3524; x_wconf 87' lang='grc'><strong>1000</strong></span> <span class='ocrx_word' id='word_1_349' title='bbox 647 3478 669 3523; x_wconf 89' lang='lat' dir='ltr'><strong>is</strong></span> <span class='ocrx_word' id='word_1_350' title='bbox 687 3481 766 3522; x_wconf 73' lang='lat' dir='ltr'><strong>xlm</strong></span> <span class='ocrx_word' id='word_1_351' title='bbox 789 3483 813 3525; x_wconf 80' lang='lat' dir='ltr'><strong>ct</strong></span> <span class='ocrx_word' id='word_1_352' title='bbox 835 3481 847 3520; x_wconf 89' lang='lat'><em>1</em></span> <span class='ocrx_word' id='word_1_353' title='bbox 867 3474 1001 3539; x_wconf 81' lang='lat' dir='ltr'><strong>legendum</strong></span> <span class='ocrx_word' id='word_1_354' title='bbox 1025 3488 1080 3524; x_wconf 91' lang='lat' dir='ltr'><strong>esse</strong></span> <span class='ocrx_word' id='word_1_355' title='bbox 1099 3474 1244 3529; x_wconf 87' lang='lat' dir='ltr'><strong>contendit,</strong></span> <span class='ocrx_word' id='word_1_356' title='bbox 1272 3489 1302 3522; x_wconf 91' lang='lat'><strong>111</strong></span> 
     </span>
     <span class='ocr_line' id='line_1_39' title="bbox 277 3539 1302 3608; baseline 0.001 -18"><span class='ocrx_word' id='word_1_357' title='bbox 277 3549 363 3591; x_wconf 85' lang='lat' dir='ltr'><strong>autem</strong></span> <span class='ocrx_word' id='word_1_358' title='bbox 390 3558 447 3591; x_wconf 93' lang='lat' dir='ltr'><strong>cum</strong></span> <span class='ocrx_word' id='word_1_359' title='bbox 474 3543 585 3592; x_wconf 84' lang='lat' dir='ltr'><strong>Labieno</strong></span> <span class='ocrx_word' id='word_1_360' title='bbox 608 3544 635 3591; x_wconf 92' lang='lat' dir='ltr'><strong>in</strong></span> <span class='ocrx_word' id='word_1_361' title='bbox 660 3543 785 3608; x_wconf 87' lang='lat' dir='ltr'><strong>Sequanis</strong></span> <span class='ocrx_word' id='word_1_362' title='bbox 808 3544 898 3598; x_wconf 78' lang='lat' dir='ltr'><strong>fuisse3</strong></span> <span class='ocrx_word' id='word_1_363' title='bbox 926 3539 1302 3599; x_wconf 78' lang='lat' dir='ltr'><strong>nemet157,36et169,5</strong></span> 
     </span>
     <span class='ocr_line' id='line_1_40' title="bbox 278 3611 1304 3676; baseline -0.001 -18"><span class='ocrx_word' id='word_1_364' title='bbox 278 3625 308 3658; x_wconf 89' lang='lat' dir='ltr'><strong>m</strong></span> <span class='ocrx_word' id='word_1_365' title='bbox 326 3611 388 3675; x_wconf 81' lang='lat' dir='ltr'><strong>legit</strong></span> <span class='ocrx_word' id='word_1_366' title='bbox 404 3626 447 3673; x_wconf 88' lang='lat' dir='ltr'><strong>pro</strong></span> <span class='ocrx_word' id='word_1_367' title='bbox 465 3625 509 3659; x_wconf 88' lang='lat' dir='ltr'><strong>xv.</strong></span> <span class='ocrx_word' id='word_1_368' title='bbox 545 3612 581 3659; x_wconf 84' lang='lat' dir='ltr'><strong>At</strong></span> <span class='ocrx_word' id='word_1_369' title='bbox 599 3613 762 3663; x_wconf 88' lang='lat' dir='ltr'><strong>verisimilius</strong></span> <span class='ocrx_word' id='word_1_370' title='bbox 781 3618 821 3661; x_wconf 87' lang='lat' dir='ltr'><strong>est</strong></span> <span class='ocrx_word' id='word_1_371' title='bbox 838 3625 881 3660; x_wconf 88' lang='lat' dir='ltr'><strong>eas</strong></span> <span class='ocrx_word' id='word_1_372' title='bbox 900 3612 1024 3676; x_wconf 78' lang='lat' dir='ltr'><strong>legiones,</strong></span> <span class='ocrx_word' id='word_1_373' title='bbox 1043 3611 1134 3674; x_wconf 89' lang='lat' dir='ltr'><strong>quibus</strong></span> <span class='ocrx_word' id='word_1_374' title='bbox 1151 3611 1304 3673; x_wconf 83' lang='lat' dir='ltr'><strong>praefuisset</strong></span> 
     </span>
     <span class='ocr_line' id='line_1_41' title="bbox 277 3678 1303 3744; baseline 0.001 -19"><span class='ocrx_word' id='word_1_375' title='bbox 277 3678 418 3735; x_wconf 83' lang='lat' dir='ltr'><strong>Labienus,</strong></span> <span class='ocrx_word' id='word_1_376' title='bbox 445 3694 483 3728; x_wconf 90' lang='lat' dir='ltr'><strong>vu</strong></span> <span class='ocrx_word' id='word_1_377' title='bbox 501 3687 526 3729; x_wconf 90' lang='lat' dir='ltr'><strong>et</strong></span> <span class='ocrx_word' id='word_1_378' title='bbox 544 3695 581 3729; x_wconf 89' lang='lat' dir='ltr'><strong>xv</strong></span> <span class='ocrx_word' id='word_1_379' title='bbox 598 3681 658 3744; x_wconf 86' lang='lat' dir='ltr'><strong>(vid.</strong></span> <span class='ocrx_word' id='word_1_380' title='bbox 679 3680 735 3738; x_wconf 79' lang='lat'><strong>134,</strong></span> <span class='ocrx_word' id='word_1_381' title='bbox 754 3680 800 3738; x_wconf 76' lang='lat'><strong>24,</strong></span> <span class='ocrx_word' id='word_1_382' title='bbox 820 3679 874 3740; x_wconf 76' lang='lat'><strong>25),</strong></span> <span class='ocrx_word' id='word_1_383' title='bbox 902 3695 959 3730; x_wconf 92' lang='lat' dir='ltr'><strong>cum</strong></span> <span class='ocrx_word' id='word_1_384' title='bbox 983 3695 1011 3729; x_wconf 88' lang='lat' dir='ltr'><strong>eo</strong></span> <span class='ocrx_word' id='word_1_385' title='bbox 1029 3681 1154 3728; x_wconf 85' lang='lat' dir='ltr'><strong>hiemasse</strong></span> <span class='ocrx_word' id='word_1_386' title='bbox 1177 3679 1198 3741; x_wconf 89' lang='lat'><strong>(1</strong></span> <span class='ocrx_word' id='word_1_387' title='bbox 1216 3686 1303 3727; x_wconf 89' lang='lat' dir='ltr'><strong>eutem</strong></span> 
     </span>
     <span class='ocr_line' id='line_1_42' title="bbox 278 3746 1302 3812; baseline 0.001 -17"><span class='ocrx_word' id='word_1_388' title='bbox 278 3763 334 3795; x_wconf 87' lang='lat' dir='ltr'><strong>cnm</strong></span> <span class='ocrx_word' id='word_1_389' title='bbox 362 3746 475 3811; x_wconf 85' lang='lat' dir='ltr'><strong>Rebilo),</strong></span> <span class='ocrx_word' id='word_1_390' title='bbox 502 3750 575 3798; x_wconf 87' lang='lat' dir='ltr'><strong>etde</strong></span> <span class='ocrx_word' id='word_1_391' title='bbox 593 3763 631 3797; x_wconf 89' lang='lat' dir='ltr'><strong>vu</strong></span> <span class='ocrx_word' id='word_1_392' title='bbox 649 3748 750 3812; x_wconf 90' lang='lat' dir='ltr'><strong>quidem</strong></span> <span class='ocrx_word' id='word_1_393' title='bbox 769 3750 831 3798; x_wconf 86' lang='lat' dir='ltr'><strong>setis</strong></span> <span class='ocrx_word' id='word_1_394' title='bbox 850 3755 959 3798; x_wconf 85' lang='lat' dir='ltr'><strong>constat.</strong></span> <span class='ocrx_word' id='word_1_395' title='bbox 995 3746 1037 3806; x_wconf 90' lang='lat' dir='ltr'><strong>Si,</strong></span> <span class='ocrx_word' id='word_1_396' title='bbox 1061 3753 1090 3796; x_wconf 90' lang='lat' dir='ltr'><strong>ut</strong></span> <span class='ocrx_word' id='word_1_397' title='bbox 1107 3747 1187 3796; x_wconf 89' lang='lat' dir='ltr'><strong>credit</strong></span> <span class='ocrx_word' id='word_1_398' title='bbox 1205 3748 1242 3795; x_wconf 85' lang='lat' dir='ltr'><strong>vir</strong></span> <span class='ocrx_word' id='word_1_399' title='bbox 1260 3762 1302 3811; x_wconf 81' lang='lat' dir='ltr'><strong>ge-</strong></span> 
     </span>
     <span class='ocr_line' id='line_1_43' title="bbox 280 3815 1303 3874; baseline 0.004 -12"><span class='ocrx_word' id='word_1_400' title='bbox 280 3816 471 3873; x_wconf 89' lang='lat' dir='ltr'><strong>nerosissimus,</strong></span> <span class='ocrx_word' id='word_1_401' title='bbox 489 3831 518 3864; x_wconf 86' lang='lat' dir='ltr'><strong>ru</strong></span> <span class='ocrx_word' id='word_1_402' title='bbox 539 3824 564 3866; x_wconf 90' lang='lat' dir='ltr'><strong>et</strong></span> <span class='ocrx_word' id='word_1_403' title='bbox 582 3832 619 3866; x_wconf 83' lang='lat' dir='ltr'><strong>xv</strong></span> <span class='ocrx_word' id='word_1_404' title='bbox 638 3818 738 3867; x_wconf 89' lang='lat' dir='ltr'><strong>numeri</strong></span> <span class='ocrx_word' id='word_1_405' title='bbox 755 3819 823 3867; x_wconf 90' lang='lat' dir='ltr'><strong>inter</strong></span> <span class='ocrx_word' id='word_1_406' title='bbox 841 3832 867 3866; x_wconf 87' lang='lat' dir='ltr'><strong>se</strong></span> <span class='ocrx_word' id='word_1_407' title='bbox 886 3823 1055 3874; x_wconf 84' lang='lat' dir='ltr'><strong>mutarentur,</strong></span> <span class='ocrx_word' id='word_1_408' title='bbox 1073 3816 1120 3865; x_wconf 91' lang='lat' dir='ltr'><strong>hec</strong></span> <span class='ocrx_word' id='word_1_409' title='bbox 1138 3815 1239 3864; x_wconf 82' lang='lat' dir='ltr'><strong>facilius</strong></span> <span class='ocrx_word' id='word_1_410' title='bbox 1251 3830 1303 3866; x_wconf 85' lang='lat' dir='ltr'><strong>uuo</strong></span> 
     </span>
     <span class='ocr_line' id='line_1_44' title="bbox 279 3883 1303 3950; baseline 0.001 -19"><span class='ocrx_word' id='word_1_411' title='bbox 279 3884 338 3941; x_wconf 92' lang='lat' dir='ltr'><strong>illo,</strong></span> <span class='ocrx_word' id='word_1_412' title='bbox 358 3898 406 3946; x_wconf 92' lang='lat' dir='ltr'><strong>qno</strong></span> <span class='ocrx_word' id='word_1_413' title='bbox 425 3885 523 3942; x_wconf 88' lang='lat' dir='ltr'><strong>nititur,</strong></span> <span class='ocrx_word' id='word_1_414' title='bbox 546 3885 606 3934; x_wconf 91' lang='lat' dir='ltr'><strong>belli</strong></span> <span class='ocrx_word' id='word_1_415' title='bbox 624 3885 705 3934; x_wconf 91' lang='lat' dir='ltr'><strong>civilis</strong></span> <span class='ocrx_word' id='word_1_416' title='bbox 723 3886 776 3936; x_wconf 89' lang='lat' dir='ltr'><strong>loco</strong></span> <span class='ocrx_word' id='word_1_417' title='bbox 794 3886 847 3949; x_wconf 86' lang='lat' dir='ltr'><strong>(lib.</strong></span> <span class='ocrx_word' id='word_1_418' title='bbox 860 3901 890 3935; x_wconf 85' lang='lat' dir='ltr'><strong>ur</strong></span> <span class='ocrx_word' id='word_1_419' title='bbox 908 3902 962 3950; x_wconf 89' lang='lat' dir='ltr'><strong>cap.</strong></span> <span class='ocrx_word' id='word_1_420' title='bbox 976 3884 1019 3944; x_wconf 88' lang='grc'><strong>88)</strong></span> <span class='ocrx_word' id='word_1_421' title='bbox 1037 3900 1113 3948; x_wconf 88' lang='lat' dir='ltr'><strong>qnam</strong></span> <span class='ocrx_word' id='word_1_422' title='bbox 1131 3883 1191 3932; x_wconf 93' lang='lat' dir='ltr'><strong>belli</strong></span> <span class='ocrx_word' id='word_1_423' title='bbox 1211 3884 1303 3932; x_wconf 85' lang='lat' dir='ltr'><strong>Gallici</strong></span> 
     </span>
     <span class='ocr_line' id='line_1_45' title="bbox 278 3951 1302 4069; baseline 0.001 -70"><span class='ocrx_word' id='word_1_424' title='bbox 278 3952 393 4069; x_wconf 52' lang='lat' dir='ltr'><strong>pluribiqs</strong></span> <span class='ocrx_word' id='word_1_425' title='bbox 420 3953 515 4002; x_wconf 85' lang='lat' dir='ltr'><strong>iactum</strong></span> <span class='ocrx_word' id='word_1_426' title='bbox 542 3959 616 4002; x_wconf 85' lang='lat' dir='ltr'><strong>esset.</strong></span> <span class='ocrx_word' id='word_1_427' title='bbox 652 3952 691 4002; x_wconf 90' lang='lat' dir='ltr'><strong>De</strong></span> <span class='ocrx_word' id='word_1_428' title='bbox 717 3955 777 4004; x_wconf 89' lang='lat' dir='ltr'><strong>locis</strong></span> <span class='ocrx_word' id='word_1_429' title='bbox 799 3955 895 4005; x_wconf 85' lang='lat' dir='ltr'><strong>duobus</strong></span> <span class='ocrx_word' id='word_1_430' title='bbox 913 3955 954 4004; x_wconf 89' lang='lat' dir='ltr'><strong>bic</strong></span> <span class='ocrx_word' id='word_1_431' title='bbox 972 3953 1119 4002; x_wconf 82' lang='lat' dir='ltr'><strong>memoratis</strong></span> <span class='ocrx_word' id='word_1_432' title='bbox 1139 3952 1187 3999; x_wconf 90' lang='lat' dir='ltr'><strong>vid.</strong></span> <span class='ocrx_word' id='word_1_433' title='bbox 1207 3951 1255 4001; x_wconf 92' lang='lat' dir='ltr'><strong>vol.</strong></span> <span class='ocrx_word' id='word_1_434' title='bbox 1272 3966 1302 4000; x_wconf 88' lang='lat'><strong>111</strong></span> 
     </span>
     <span class='ocr_line' id='line_1_46' title="bbox 278 4021 466 4084; baseline -0.011 -15"><span class='ocrx_word' id='word_1_435' title='bbox 278 4021 369 4084; x_wconf 81' lang='lat' dir='ltr'><strong>pag.5</strong></span> <span class='ocrx_word' id='word_1_436' title='bbox 405 4027 466 4070; x_wconf 83' lang='lat' dir='ltr'><strong>extr.</strong></span> 
     </span>
    </p>
   </div>
   <div class='ocr_carea' id='block_1_3' title="bbox 0 0 1326 4492">
    <p class='ocr_par' dir='ltr' id='par_1_3' title="bbox 0 0 1326 4492">
     <span class='ocr_line' id='line_1_47' title="bbox 0 0 1326 4492; baseline 0 0"><span class='ocrx_word' id='word_1_437' title='bbox 0 0 1326 4492; x_wconf 95' lang='lat' dir='ltr'><strong> </strong></span> 
     </span>
    </p>
   </div>
  </div>
 </body>
</html>
