2616 4492
446 289 516 337 nna
531 289 607 336 rur.
630 271 860 337 carabo-24.
1095 276 1157 342 15⁷

199 429 296 491 Nocte
318 428 488 510 insequenti
508 429 601 510 legati
621 448 768 509 responsa
789 430 829 490 ad
843 447 915 490 suos
929 430 1075 507 referunt,
1098 434 1200 495 ob-23

135 517 215 579 sides
249 515 416 577 conficiunt.
474 516 664 578 Concurrunt
696 515 879 596 reliquarum
912 515 1076 578 civitatium
1109 520 1156 581 le·

135 604 213 684 gati‚
237 622 314 683 quae
336 601 563 664 Bellovacomm
586 601 820 682 speculabantur
842 609 992 662 eventum.
1026 602 1155 668 Obsides

133 690 224 763 daut,
247 690 397 768 imperata
417 689 532 750 faciunt
555 698 680 768 excepto
700 688 851 762 Commio,
875 707 964 767 quem
979 688 1069 751 timor
1082 711 1156 771 pro-.

133 776 258 837 bibebat
285 776 460 855 cuiusquam
483 775 553 836 lidei
575 795 662 836 suam
685 775 869 836 committere
892 774 1031 836 salutern.
1075 777 1185 840 Nams

133 861 286 941 superiore
319 880 399 923 anno
434 862 469 928 Τ.
491 861 645 923 Labienus
675 861 808 922 Caesare
834 860 866 922 in
894 859 998 922 Gallia
1020 862 1155 926 citeriore

131 948 181 1008 ius
204 948 322 1009 diceme
344 967 409 1009 cum
432 948 599 1009 Commium
622 947 817 1026 comperisset
838 945 1000 1009 sollicitare
1016 948 1155 1012 civitates

132 1043 165 1095 et
197 1034 432 1096 coniurationem
465 1043 571 1096 contra
604 1032 766 1096 Caesarem
798 1034 912 1107 lacere,
948 1033 1155 1099 infidebtatem

132 1120 196 1181 eius
229 1120 294 1181 sine
320 1120 383 1182 ulla
409 1121 536 1200 perfidia
562 1120 707 1181 iudicavit
734 1119 888 1199 comprimi
915 1139 1013 1198 posse.
1059 1119 1156 1190 Quem

132 1206 204 1287 quia
236 1226 296 1268 non
324 1207 531 1269 arbitrabatur
558 1215 701 1268 vocatum
727 1206 759 1267 in
782 1214 885 1268 castra
906 1215 1083 1283 venturum,
1117 1229 1156 1271 ne
1175 1235 1200 1273 ro

132 1294 309 1373 temptando
333 1293 495 1355 cautiorem
517 1295 647 1366 faceret,
670 1291 782 1354 Gaium
804 1292 993 1354 Volusenum
1011 1290 1155 1361 Quadra-

132 1387 199 1440 tum
232 1379 330 1452 misit,
364 1379 415 1459 qui
445 1398 512 1440 eum
541 1399 594 1458 per
622 1379 842 1441 simulationem
865 1379 1014 1458 conloquii
1036 1390 1157 1443 curaret

132 1464 381 1527 interficiendum.
425 1464 478 1526 Ad
512 1485 579 1526 eam
612 1484 675 1526 rern
709 1465 839 1526 delectos
866 1464 990 1526 idoneos
1014 1465 1040 1542 ei
1062 1467 1157 1529 tradit

133 1551 331 1613 centuriones
381 1550 457 1612 Cum
490 1550 521 1611 in
555 1550 744 1631 conloquium
776 1559 900 1612 ventum
934 1560 1014 1612 esset
1041 1561 1087 1628 et,
1121 1563 1156 1614 ut

132 1645 331 1709 convenerat,
360 1655 484 1697 manum
505 1636 638 1697 ¹Commii
665 1637 837 1698 Volusenus
860 1636 1053 1716 arripuisset,
1082 1658 1155 1700 cen·
1174 1666 1201 1705 ra

131 1723 210 1784 turio
237 1722 323 1783 velut
349 1722 469 1784 insueta
496 1741 529 1783 re
550 1731 704 1802 permotus
726 1722 775 1784 vel
798 1722 933 1783 celeriter
954 1742 974 1783 a
994 1723 1155 1787 familiari-

131 1810 189 1870 bus
221 1808 391 1888 probibitus
425 1807 553 1869 Commii
586 1810 729 1870 conficere
761 1808 913 1870 bominem
945 1827 1007 1870 nou
1039 1812 1155 1890 potuit;

133 1893 267 1977 graviter
299 1902 403 1956 tamen
429 1895 526 1974 primo
553 1894 616 1957 ictu
643 1894 742 1975 gladio
765 1902 856 1974 caput
877 1895 1033 1973 percussit.
1078 1896 1155 1960 Cum

131 1980 282 2060 utrimque
304 1980 396 2061 gladii
418 1981 554 2043 destricti
575 1989 692 2053 essent,
720 2000 781 2042 nou
804 1990 868 2041 tam
889 1982 1042 2062 pugnandi
1064 2001 1154 2063 quam

133 2066 307 2147 diffugiendi
338 2067 394 2128 ruit
426 2075 619 2147 utrorumque
647 2067 819 2142 consilium,
854 2074 1041 2141 nostrornm,
1075 2072 1154 2148 quod
1169 2099 1199 2138 n

132 2153 283 2215 mortifero
315 2153 439 2215 vulnere
467 2153 634 2215 Commium
660 2155 823 2216 credebant
844 2154 1008 2228 adiectum,
1044 2153 1153 2219 Gallo-

132 2259 214 2312 rum,
243 2242 323 2320 quod
350 2239 468 2301 insidiis
490 2240 615 2321 coguitis
637 2240 836 2320 pluraquam
858 2239 1004 2301 videbant
1026 2241 1153 2305 extime-

133 2327 266 2387 scebant.
317 2323 385 2396 Quo
418 2325 497 2388 facto
530 2326 675 2389 statuisse
702 2325 854 2387 Commius
882 2325 1038 2389 dicebatur
1065 2346 1155 2391 unm-

132 2430 222 2493 quam
243 2413 275 2474 in
298 2421 489 2493 conspectum
512 2413 685 2495 cuiusquam
706 2411 838 2474 Romani
859 2411 973 2474 venire.

195 2498 438 2561 Bellicosissimis
472 2498 610 2579 gentibus
644 2499 770 2561 devictis
799 2497 915 2560 Caesar
942 2518 1009 2561 cum
1037 2501 1202 2569 riderem.

133 2584 247 2646 nullam
274 2585 335 2647 iam
363 2605 430 2647 esse
452 2585 620 2659 civitatem,
649 2605 726 2667 quae
747 2584 859 2647 bellum
882 2586 1059 2665 adpareret,
1093 2608 1152 2669 quo
1166 2615 1195 2655 as

132 2670 191 2731 sibi
217 2671 387 2744 resisteret,
421 2672 475 2732 sed
502 2672 661 2734 nonnullos
688 2692 727 2734 ex
754 2671 872 2752 oppidis
901 2673 1081 2752 demigrare,
1115 2694 1154 2737 ex

131 2755 212 2835 agris
241 2756 381 2836 diffugere
408 2758 448 2818 ad
475 2776 618 2836 praesens
645 2758 803 2838 imperinm
825 2757 1016 2833 evitandum,
1050 2759 1153 2839 plures

131 2843 164 2903 in
197 2850 300 2920 partes
334 2842 494 2903 exercitum
522 2843 671 2905 dimittere
699 2844 885 2919 constitnit.⁴
918 2843 962 2904 Μ.
985 2843 1152 2908 Antonium

132 2935 323 3008 quaestorem
345 2945 412 2989 cum
434 2926 548 3008 legione
571 2929 746 2991 duodecima
768 2929 826 2991 sibi
841 2929 1000 3010 coniungit.
1035 2931 1074 2993 Ga
1087 2934 1152 2994 Fa·
1169 2963 1197 3001 ω

132 3014 215 3075 bium
248 3012 379 3093 legatum
408 3031 473 3073 cum
501 3014 671 3077 cohortibus
699 3031 778 3076 xxv
804 3014 898 3076 mittit
923 3015 955 3076 in
978 3016 1152 3081 diversissi-

131 3118 212 3161 mam
240 3109 357 3178 partem
385 3097 520 3171 Galbae,
548 3101 626 3179 quod
648 3100 691 3161 ibi
712 3102 860 3181 quasdam
883 3100 1022 3163 civitates
1044 3103 1075 3164 in
1098 3123 1151 3166 ar-

130 3186 189 3247 mis
213 3205 280 3248 esse
301 3185 459 3257 audiebat,
474 3194 579 3265 ineque
602 3184 640 3247 G.
657 3186 816 3248 Caninium
837 3185 980 3248 Rebilum
1001 3187 1151 3269 legatum,

132 3273 184 3352 qui
205 3272 237 3335 in
258 3271 319 3334 illis
341 3271 514 3352 regionibus
537 3280 618 3346 erat,
642 3271 717 3333 satis
737 3273 840 3334 firmas
856 3274 932 3334 duas
948 3272 1079 3353 legiones
1093 3275 1152 3337 ba-

131 3360 203 3422 bere
231 3358 432 3420 existimabat.
479 3358 514 3419 T.
537 3357 704 3421 Labienum
732 3358 772 3419 ad
797 3379 831 3420 se
852 3367 973 3432 crocat3
1005 3359 1153 3441 legionem
1169 3392 1198 3432 ω

130 3455 234 3507 autem
261 3461 322 3518 xv,
357 3463 434 3525 quae
461 3464 527 3506 curn
550 3465 585 3506 eo
607 3445 706 3506 iuerat
727 3443 759 3505 iu
780 3443 930 3518 bibernis,
964 3444 995 3506 iu
1017 3455 1152 3526 togatam

132 3531 266 3594 Galliam
299 3531 394 3592 mittit
427 3532 466 3593 ad
493 3531 625 3593 colonias
648 3530 757 3592 civium
779 3531 984 3593 Romanorum
1006 3535 1151 3609 tuendas,

131 3638 169 3680 ne
198 3620 277 3698 quod
305 3618 401 3680 simile
427 3617 645 3681 incommodum
674 3617 823 3679 accideret
844 3615 1018 3679 decursione
1040 3619 1152 3681 barba-

132 3724 248 3780 rorum,
274 3724 309 3766 ac
331 3703 484 3784 superiore
507 3713 624 3766 aestate
646 3703 832 3784 Tergestinis
849 3702 1013 3776 acciderat,
1037 3706 1087 3784 qui
1101 3726 1152 3767 re-

132 3791 256 3869 pentino
277 3790 434 3853 latrocinio
458 3799 547 3871 atque
569 3791 682 3869 impetu
703 3790 874 3872 Illyriorum
898 3800 985 3850 crant
1006 3793 1150 3871 oppressi.
1167 3824 1197 3864 ω

131 3876 202 3955 Ipse
225 3878 264 3938 ad
286 3878 452 3938 vastandos
476 3877 759 3957 depopulandosque
782 3877 857 3937 fines
879 3874 1064 3957 Ambiorigis
1079 3898 1151 3958 pro-

132 3962 290 4038 ficiscitur3
314 3983 401 4044 quem
424 3964 612 4044 perterritum
636 3983 671 4025 ac
692 3963 852 4046 fugientem
872 3981 938 4024 cum
954 3964 1046 4047 redigi
1060 3985 1152 4046 posse
