2616 4492
216 253 237 318 6
581 265 697 318 caeno
719 267 867 317 6666666

216 405 289 488 (quo
313 409 431 488 quidem
454 409 521 471 loco
544 409 679 470 codicum
704 409 910 490 discrepantia
929 409 1025 471 multo
1048 410 1174 473 minoris
1190 421 1240 476 666

218 495 378 577 momenti)
402 496 486 558 adiit
507 495 698 557 scribendum
722 515 789 556 esse
810 495 922 569 censui,
946 506 1037 577 atque
1053 497 1146 559 etiam
1164 499 1237 574 134,

219 582 233 643 1
262 583 357 662 petiit
387 583 445 657 lapi
474 582 583 644 debere
612 583 725 660 opinor.
769 582 803 642 In
835 584 1012 660 compositis
1043 584 1129 648 verbi
1151 585 1238 650 iccio

217 669 323 730 littera
345 670 552 730 consonansi
581 669 717 730 eliditur:
751 666 860 742 tuido,
894 669 985 742 deici,
1017 669 1105 746 66666,
1139 672 1240 736 traici

217 756 330 817 similia
354 758 384 816 in
408 757 546 818 omnibus
571 756 619 830 iis,
643 757 692 837 qui
716 764 902 828 manserunt,
932 756 1088 818 codicibus
1111 760 1237 837 porvul-

216 843 377 920 gatissima
404 852 484 904 sunt.
528 843 633 923 Neque
661 842 692 903 id
720 842 827 915 solum,
857 861 959 904 verum
990 843 1082 904 etiam
1112 847 1238 908 conice-

215 936 308 1000 rnnt,
343 929 526 991 conicerunt
558 947 780 1008 nonnumquam
810 929 1035 1006 conspiciuntur
1057 930 1134 1005 (vid.
1151 932 1191 994 63
1208 953 1237 995 v.

218 1015 268 1090 13,
296 1015 362 1096 14);
386 1035 462 1095 quae
486 1022 553 1077 erat
575 1016 634 1076 sibi
658 1024 801 1076 constans
824 1015 976 1078 scribendi
999 1016 1093 1092 ratio,
1123 1019 1149 1078 si
1182 1039 1238 1098 pro

216 1101 415 1164 coniecerant
442 1103 503 1163 iarn
536 1102 692 1182 legebatur
722 1101 924 1164 condicerent.
969 1103 1056 1164 Duae
1079 1113 1181 1167 tamen
1207 1107 1238 1168 in

214 1188 272 1249 hoc
305 1207 394 1268 opere
428 1195 553 1250 exstant
586 1189 778 1267 scriptiones,
813 1206 889 1268 quae
925 1190 1087 1251 manifesto
1122 1191 1237 1255 indicio

215 1282 287 1337 sunt
309 1274 477 1356 antiquitus
501 1276 513 1336 ι’
536 1276 683 1354 geminum
709 1276 737 1336 in
762 1274 823 1336 illis
846 1274 949 1337 verbis
965 1277 1112 1355 scriptum
1133 1279 1237 1341 luisse.

215 1361 295 1423 Nam
319 1362 423 1440 optimi
453 1362 561 1442 quique
591 1363 709 1423 codices
739 1361 789 1436 76,
816 1362 855 1423 14
882 1362 998 1424 habent
1024 1364 1236 1446 reficerentur,

214 1447 266 1520 63,
290 1450 332 1510 32
356 1448 575 1524 balnearentur,
606 1469 682 1529 quae
705 1449 750 1510 ita
772 1449 929 1510 exstitisse
957 1459 1096 1528 apparet,
1125 1460 1160 1514 ut
1182 1453 1236 1515 illo

213 1535 280 1596 loco
310 1549 572 1596 66666666666
593 1536 705 1597 abierit
727 1535 756 1596 in
781 1549 1060 1611 666666666666,
1090 1537 1149 1600 hoo
1178 1559 1236 1602 an-

212 1629 274 1683 tem
308 1636 572 1683 nnnonnnnnun
598 1623 629 1683 in
658 1635 940 1684 666666666666.
985 1620 1053 1692 Quo
1082 1624 1166 1686 lnoto
1199 1646 1237 1688 ea

211 1707 308 1770 verba
343 1727 361 1769 a
395 1708 544 1769 communi
576 1709 781 1770 destructione
813 1716 882 1770 tuta
904 1715 1001 1771 erant.
1046 1707 1136 1772 Adeo
1158 1731 1234 1792 pro·

213 1814 301 1875 spere
326 1795 438 1856 accidit
458 1795 556 1856 facilis
579 1794 633 1856 illa
657 1795 853 1858 commutatio
877 1794 1057 1856 litterarum.

277 1884 304 1942 2.
343 1882 479 1943 Duorum
513 1903 529 1944 a
564 1883 805 1943 concurrentium
841 1881 971 1943 alterum
1007 1901 1233 1964 nonnumquam

212 1968 334 2030 excidit.
379 1966 468 2038 Quod
499 1976 563 2030 tum
596 1988 713 2049 quoque
746 1968 796 2044 fit,
832 1986 897 2029 cum
928 1969 967 2030 ad
989 1968 1114 2031 diversa
1136 1971 1234 2033 verba

214 2055 376 2134 pertinent,
406 2062 439 2116 ut
463 2056 491 2130 1,
515 2056 556 2116 32
578 2074 640 2136 qna
662 2062 707 2116 eat
727 2074 782 2135 pro
805 2074 885 2137 quae
905 2063 959 2130 eat,
988 2055 1040 2131 48,
1064 2056 1104 2118 36
1130 2055 1235 2138 pallio

212 2149 257 2204 eol
279 2162 332 2222 pro
358 2140 479 2223 palliae
500 2148 554 2216 cot,
579 2140 651 2217 149,
677 2141 716 2207 16
744 2143 783 2204 66
810 2161 907 2204 crure
928 2141 1016 2204 ducit
1038 2143 1086 2204 vel
1108 2144 1148 2205 ob
1170 2165 1233 2208 ura

210 2229 333 2290 reducit
361 2248 416 2306 pro
444 2231 483 2290 ab
514 2249 610 2291 arara
637 2228 750 2303 educit,
774 2228 826 2301 51,
849 2229 890 2289 36
913 2226 1000 2290 ailon
1022 2227 1234 2294 edomuerunt

209 2314 235 2375 P
259 2334 313 2393 pro
336 2312 553 2388 6616666666,
587 2316 658 2390 134,
682 2316 722 2376 33
746 2334 804 2378 noo
826 2314 852 2375 P
875 2334 930 2395 pro
953 2335 993 2376 ne
1014 2335 1066 2390 66,
1093 2315 1165 2390 166,
1189 2317 1230 2381 29

210 2399 374 2464 uelocitate
406 2400 526 2463 uitauit
556 2402 614 2464 TU
643 2422 705 2484 pro
734 2399 830 2464 moloc.
859 2402 932 2464 cuit.
975 2401 1023 2464 Ne
1052 2403 1142 2465 nimis
1170 2405 1230 2486 igi·

209 2495 260 2549 tur
291 2487 445 2549 tribuatur
477 2488 600 2550 lectioni
623 2488 674 2563 54,
697 2485 740 2550 27
757 2488 963 2570 principibus
986 2486 1106 2570 palliae
1130 2510 1229 2553 6666-

209 2572 259 2636 666.
284 2573 335 2647 76,
359 2573 399 2635 38
424 2581 484 2656 atq.
508 2595 613 2649 nrum,
636 2575 688 2648 82,
712 2574 754 2636 25
771 2582 801 2636 66
818 2573 889 2647 139,
912 2575 952 2637 23
976 2581 1037 2656 atq.
1055 2596 1149 2639 orum
1172 2597 1228 2656 po-

209 2667 332 2724 tuerunt
361 2659 454 2722 scribi
481 2680 535 2741 pro
564 2669 656 2742 atquo
678 2681 798 2736 eornm,
822 2668 912 2742 atque
933 2681 1054 2738 eornm,
1084 2671 1116 2725 et
1138 2663 1228 2728 simul

208 2767 245 2810 ac
267 2747 434 2828 separatim
457 2749 603 2829 scriptum
627 2756 675 2810 666
697 2768 790 2811 orum
812 2744 954 2831 (arum),
977 2749 1035 2810 hoc
1057 2749 1089 2811 in
1111 2749 1229 2814 dorum

208 2836 319 2897 mutari
349 2834 449 2913 potuit
479 2835 510 2896 in
544 2834 697 2898 nonnullis
728 2835 812 2908 odd,
841 2842 877 2896 nt
897 2835 929 2896 in
950 2834 1090 2898 omnibus
1112 2838 1228 2900 lactum

209 2941 277 2983 esse
310 2921 446 2982 videmus
479 2921 537 2997 94,
566 2920 607 2984 39
635 2929 669 2985 66
696 2940 833 2984 seorsum
861 2920 900 2981 ab
921 2921 976 2984 udi
1005 2922 1152 3003 scriptum
1181 2933 1230 2987 ost

208 3028 310 3071 orum.
347 3007 394 3069 (ll.
425 3008 502 3084 126,
533 3008 572 3070 13
595 3014 654 3088 atq.
678 3028 728 3082 oo,
761 3008 839 3084 114,
862 3007 902 3069 21
930 3014 1042 3091 petere.
1066 3029 1102 3072 oe
1125 3008 1226 3087 PRV,

207 3094 314 3176 quibus
336 3094 454 3174 quidem
476 3095 552 3157 locis
574 3094 631 3157 laos
653 3095 756 3174 aptius
778 3103 826 3157 est
848 3113 939 3176 quam
960 3114 1020 3157 eoa.

272 3183 301 3242 3.
336 3181 373 3242 16
403 3185 598 3245 concursione
629 3182 754 3244 duorum
777 3202 794 3245 o
817 3181 944 3264 alterius
970 3181 1096 3244 omissio
1125 3184 1226 3246 maxi-

210 3287 258 3330 me
279 3267 363 3329 valot
385 3269 424 3330 ad
447 3268 687 3331 conturbandum
713 3288 829 3350 mopno
857 3287 949 3351 opere
970 3276 1002 3330 et
1022 3289 1225 3355 mapaopore,

206 3361 324 3438 quadro
348 3374 439 3436 opere
461 3365 492 3419 et
516 3362 707 3438 quantopere
728 3363 785 3428 666
830 3354 951 3427 Quibus
966 3355 998 3418 in
1012 3356 1115 3418 verbis
1137 3377 1226 3440 mag·

205 3461 247 3504 na
269 3451 316 3504 est
338 3441 546 3505 inconstantia
567 3442 723 3507 librorum.
749 3442 820 3517 130,
848 3443 889 3503 33
913 3442 979 3504 cdd.
1001 3443 1119 3522 primae
1141 3445 1225 3508 clas·

205 3529 250 3591 sis
281 3528 397 3591 habent
429 3536 547 3610 quanto
576 3547 678 3613 opero,
702 3530 850 3592 secundae
872 3535 1080 3611 6666666666·
1116 3539 1225 3596 contra

207 3615 258 3691 18,
281 3616 301 3678 6
324 3624 356 3677 66
380 3614 451 3691 167,
474 3617 495 3678 4
515 3636 632 3699 mapuo
655 3636 748 3699 opere
769 3616 903 3679 codicum
925 3633 984 3678 666.
1001 3615 1101 3679 61666
1123 3619 1225 3700 serip-

203 3703 259 3778 tio,
282 3722 372 3783 quam
394 3703 443 3765 his
465 3703 541 3765 locis
563 3703 789 3785 praeferendam
813 3723 880 3765 6666
902 3702 1017 3782 putavi.

269 3790 299 3851 4.
335 3810 380 3850 nn
401 3790 433 3851 in
455 3812 477 3852 n
499 3790 640 3852 abeuntis
661 3789 738 3850 haec
759 3809 776 3850 6
798 3790 864 3852 odd.
887 3789 945 3852 PR
966 3788 1094 3868 aliisque
1117 3809 1223 3854 exem·

203 3874 257 3954 pla
279 3883 351 3938 sunt
373 3877 551 3939 adferenda:
587 3876 659 3951 164,
684 3875 726 3938 24
747 3877 936 3958 6666669666,
961 3874 1033 3952 166,
1056 3876 1099 3938 23
1120 3871 1222 3965 edum,

205 3959 277 4036 166,
301 3963 343 4024 22
364 3961 563 4047 insequutor,
586 3961 638 4038 76,
661 3963 704 4026 34
727 3960 896 4027 colonobus.
