2616 4492
206 253 249 319 48
533 269 583 316 nn
604 267 722 317 nunno
745 269 901 317 uanmco

207 408 315 472 castris
349 406 510 470 exercitum
538 409 645 470 educat
672 417 703 470 et
729 409 770 472 ad
796 407 961 471 Caesarem
987 402 1093 469 auxilii
1113 407 1230 470 terendi

207 515 300 559 causa
327 494 544 574 proficiscatur.
595 491 685 565 Quod
706 495 759 557 ubi
781 495 917 557 auditum
940 502 1004 569 est,
1038 493 1230 557 conclamant

207 601 310 645 omnes
344 580 529 642 occasionem
562 580 674 661 negotii
700 581 777 642 bene
804 580 925 662 gerendi
947 580 1146 641 amittendam
1167 601 1230 644 non

208 687 290 742 esse,
325 669 364 728 ad
392 676 495 728 castra
522 667 559 729 iri
581 676 728 746 oportere.
773 667 890 728 Multae
911 687 960 729 res
984 666 1101 728 adhoc
1124 668 1226 730 consi-

177 754 280 817 clium
302 752 410 815 Gallos
433 753 648 815 hortabantur:
674 754 862 833 superiorum
885 753 999 815 dierum
1014 751 1122 814 Sabini
1136 773 1229 815 cunc-

207 841 299 915 tatio,
333 841 476 920 perfugae
508 840 711 914 confirmatio,
745 840 848 920 inopia
881 839 1076 912 cibariorum,
1111 839 1158 901 cui
1185 840 1229 902 rei

206 947 315 1009 parum
348 926 505 1005 diligenter
537 927 576 987 ab
608 926 656 987 his
690 935 757 987 erat
783 926 955 1006 provisum,
990 945 1059 1005 spes
1087 925 1229 988 Venetici

206 1013 294 1086 belli,
329 1020 360 1073 et
392 1013 471 1092 quod
503 1013 565 1073 fere
597 1011 726 1074 libenter
752 1013 889 1074 homines
916 1013 963 1086 id,
998 1012 1077 1091 quod
1104 1012 1227 1088 volunt,

207 1100 341 1161 credunt.
385 1098 442 1160 His
476 1099 565 1160 rebus
594 1098 715 1160 adducti
743 1117 803 1160 non
824 1099 908 1178 prius
930 1096 1134 1160 Viridovicem
1157 1098 1228 1163 reli-

169 1214 193 1252 10
208 1205 342 1266 quosque
374 1186 463 1247 duces
498 1204 535 1245 ex
568 1185 691 1246 concilio
721 1185 892 1260 dimittunt,
927 1204 1017 1264 quam
1045 1185 1083 1245 ab
1110 1184 1159 1246 his
1188 1185 1230 1246 sit

207 1290 395 1345 concessum,
431 1290 516 1332 arma
548 1271 593 1332 uti
626 1271 748 1350 capiant
782 1280 814 1332 et
840 1273 879 1332 ad
906 1280 1009 1332 castra
1035 1272 1228 1333 contendant.

207 1355 331 1428 Quare
354 1376 496 1418 concessa
518 1356 590 1418 laeti
612 1367 646 1418 nt
668 1359 827 1437 explorata
845 1357 972 1419 victoria
987 1357 1149 1419 sarmentis
1163 1358 1229 1420 vir-

208 1444 358 1525 gultisque
380 1443 528 1518 collectis,
558 1443 665 1524 quibus
687 1445 788 1506 fossas
810 1443 1018 1506 Romanorum
1040 1444 1228 1523 compleant,

165 1532 249 1595 laad
272 1538 375 1592 castra
395 1539 533 1611 pergunt.
577 1529 676 1591 Locus
699 1539 765 1592 erat
786 1539 954 1591 castrorum
977 1529 1076 1591 editus
1098 1539 1129 1590 et
1147 1549 1228 1610 pan-

168 1645 193 1683 15
207 1616 293 1679 latim
327 1618 366 1678 ab
392 1617 452 1677 imo
481 1616 600 1678 acclivis
623 1616 741 1679 circiter
762 1636 872 1696 passus
895 1616 984 1678 mille.
1029 1616 1097 1677 Huc
1119 1635 1229 1697 magno

206 1723 296 1766 cursu
319 1704 551 1779 contenderunt,
575 1711 610 1763 ut
632 1721 723 1783 quarn
744 1702 900 1763 minimum
924 1702 1016 1782 spatii
1037 1704 1077 1764 ad
1092 1722 1125 1764 se
1140 1702 1228 1765 colli·

207 1791 320 1872 gendos
343 1791 563 1870 armandosque
585 1789 733 1851 Romanis
754 1790 888 1862 daretur,
912 1788 1136 1868 exanimatique
1156 1808 1228 1869 per-

206 1886 365 1938 venemnt.
410 1875 542 1938 Sabinus
566 1894 636 1937 suos
659 1875 800 1937 hortatus
823 1875 1010 1955 cupientibus
1033 1875 1149 1955 signum
1166 1877 1228 1937 dat

206 1962 364 2042 Impeditis
386 1961 525 2023 hostibus
548 1969 673 2041 propter
695 1981 749 2035 ea,
773 1981 851 2041 quae
872 1962 1023 2036 ferebant,
1048 1980 1141 2023 onera
1155 1963 1230 2024 sub-

164 2075 193 2113 ac
206 2049 251 2110 ito
274 2049 390 2109 duabus
412 2048 509 2127 portis
533 2047 718 2127 eruptionem
741 2048 806 2109 fieri
827 2048 919 2110 iubet
951 2048 1080 2109 Factum
1103 2057 1151 2109 est
1172 2068 1230 2128 op-

206 2134 393 2215 portunitate
415 2134 488 2208 loci,
516 2133 648 2194 hostiurn
670 2134 828 2195 inscientia
850 2152 885 2195 ac
907 2133 1134 2215 defetigatione,
1162 2135 1229 2197 vir-

207 2228 272 2283 tute
294 2219 421 2281 militum
444 2229 475 2281 et
497 2219 684 2298 superiorum
706 2239 874 2300 pugnarum
890 2220 1117 2297 exercitatione,
1141 2229 1176 2282 ut
1189 2240 1229 2283 ne

206 2325 300 2369 unum
322 2306 442 2386 quidem
464 2315 636 2367 nostrorum
658 2305 803 2386 impetum
823 2308 940 2368 ferrent
962 2326 997 2368 ac
1019 2307 1122 2369 statim
1143 2316 1230 2388 terga

207 2400 370 2454 verterent.
420 2389 505 2460 Quos
533 2391 693 2470 impeditos
715 2391 839 2473 integris
861 2392 976 2455 viribus
999 2392 1109 2455 milites
1132 2394 1230 2457 nostri

165 2507 194 2545 aa
208 2478 360 2542 consecuti
393 2498 535 2557 magnum
563 2497 718 2539 numerum
747 2497 848 2541 eorum
877 2479 1063 2553 occiderunt3
1096 2479 1228 2561 reliquos

208 2566 325 2646 equites
359 2565 524 2626 consectati
553 2583 679 2644 paucos,
714 2564 764 2644 qui
792 2584 829 2626 ex
855 2566 926 2646 fuga
949 2575 1125 2638 evaserant,
1154 2566 1228 2628 reli-

208 2660 345 2733 querunt.
391 2650 443 2713 Sic
474 2671 533 2713 nno
567 2659 701 2730 tempore
729 2659 760 2711 et
788 2652 824 2712 de
846 2651 948 2713 navali
970 2671 1072 2732 pugna
1094 2650 1229 2717 Sabinus

207 2747 239 2800 et
261 2739 298 2799 de
321 2737 427 2800 Sabini
448 2737 577 2799 victoria
600 2736 713 2798 Caesar
735 2745 782 2798 est
803 2737 913 2799 certior
934 2739 1046 2810 lactus,
1070 2738 1228 2801 civitates·

208 2844 265 2905 qne
299 2844 401 2886 omnes
435 2844 468 2885 se
501 2823 607 2886 statim
635 2823 752 2885 Titurio
787 2824 972 2885 dediderunt.
1021 2823 1102 2886 Nam
1129 2835 1165 2887 ut
1186 2827 1228 2888 ad

165 2911 288 2976 arbella
320 2911 512 2991 suscipienda
539 2909 697 2971 Gallorum
725 2911 824 2971 alacer
851 2929 887 2972 ac
907 2920 1065 2991 promptus
1088 2919 1136 2972 est
1157 2911 1227 2974 ani-

206 3016 290 3072 mus,
319 2997 363 3059 sic
386 2996 483 3059 mollis
506 3016 542 3057 ac
564 2995 686 3058 minime
708 2996 855 3058 resistens
878 2999 918 3059 ad
939 2997 1131 3059 calamitates
1152 3018 1226 3079 per·

206 3085 344 3146 ferendas
367 3103 452 3145 mens
476 3103 577 3144 eorum
600 3091 657 3144 est

164 3181 198 3232 20
270 3171 387 3232 Eodem
414 3171 476 3232 fere
505 3178 640 3249 ternpore
667 3169 702 3230 P.
724 3168 854 3231 Crassus
883 3187 949 3230 cum
974 3168 1005 3230 in
1027 3167 1227 3248 Aquitaniam

205 3257 408 3337 pervenisset,
433 3276 509 3337 quae
530 3276 618 3335 pars,
645 3264 679 3317 ut
701 3265 772 3317 ante
795 3255 906 3316 dictum
930 3263 991 3330 est,
1020 3264 1051 3316 et
1072 3255 1227 3336 regionum

165 3369 192 3408 aa
206 3343 365 3405 latitudine
389 3353 419 3404 et
440 3342 630 3404 multitudine
652 3342 807 3403 hominum
830 3360 867 3402 ex
888 3341 977 3402 tertia
998 3350 1085 3421 parte
1107 3341 1227 3404 Galliae

206 3439 253 3493 est
280 3431 486 3503 aestimanda,
515 3448 582 3490 cum
609 3429 795 3508 intellegeret
821 3427 852 3488 in
879 3427 917 3487 iis
940 3427 1012 3489 locis
1036 3428 1093 3489 sibi
1113 3428 1227 3490 bellum

206 3518 383 3598 gerendum,
406 3517 458 3578 ubi
480 3515 583 3595 paucis
606 3525 677 3579 ante
699 3513 787 3575 annis
809 3512 845 3574 L.
860 3512 1003 3575 Valerius
1018 3514 1227 3577 Praeconinus

205 3602 323 3683 legatus
359 3603 491 3664 exercitu
523 3602 612 3682 pulso
638 3601 813 3663 interfectus
842 3609 937 3675 esset,
973 3609 1063 3680 atque
1084 3603 1166 3665 unde
1187 3602 1226 3664 L.

206 3688 330 3750 Mallius
357 3687 519 3769 proconsul
546 3687 768 3767 impedimentis
791 3685 913 3748 amissis
934 3687 1131 3768 profugisset,
1165 3707 1228 3751 non

164 3800 192 3838 eo
206 3774 386 3836 mediocrem
410 3776 468 3837 sibi
490 3773 675 3855 diligentiam
698 3773 900 3835 adhibendam
921 3772 1124 3855 intellegebat
1157 3773 1227 3836 Ita-

206 3879 265 3940 que
291 3880 324 3922 re
351 3860 551 3923 immentaria
571 3859 712 3941 provisa,
741 3857 861 3921 auxiliis
884 3860 1080 3942 equitatuque
1102 3880 1227 3941 compa-

206 3955 290 4021 rato,
319 3946 423 4010 multis
449 3955 609 4029 praeterea
630 3946 704 4010 viris
725 3945 854 4010 fortibus
877 3946 991 4010 Tolosa
1012 3956 1044 4010 et
1065 3947 1226 4020 Narbone,
