2616 4492
465 280 514 330 uu
542 280 826 334 nnmcuronnsus.
1115 264 1158 329 35

132 419 240 484 itidem
260 438 316 500 pro
340 419 489 482 adiectivo
513 429 669 501 acceptum
693 428 784 484 esset.
813 418 903 492 Quod
928 415 1056 493 159,19
1080 438 1157 481 con-

134 507 262 590 temptis
285 507 396 589 pridie
423 509 659 590 superatisque
679 509 821 572 hostibus
842 509 874 569 in
896 500 1068 587 p'articipiis
1090 507 1157 567 lac-

132 603 198 657 tum
233 602 289 656 est.
334 595 417 655 Idem
453 592 504 669 77,
528 593 547 657 6
575 596 720 658 inimicis
749 596 816 658 iam
844 593 954 656 multis
979 591 1093 674 palam
1121 612 1160 655 es

132 682 264 745 ciuitate
292 687 326 742 et
352 681 408 742 iis
431 683 615 745 auctoribus
636 683 668 744 in
692 681 897 744 substantivis
920 688 968 741 est
990 679 1159 740 observan-

131 771 213 831 dum.
260 767 339 829 Tum
363 768 567 831 coniunctioni
588 769 642 830 isti
656 779 720 830 tum
737 768 907 849 pronomini
925 765 1069 848 (quocum
1085 785 1160 826 con-

131 858 179 918 ler
205 855 313 928 131‚4
335 861 426 936 atque
447 875 486 917 eo
508 855 660 939 seeundo)
683 857 782 917 locum
806 855 889 916 dedit
911 873 1019 914 nomen
1034 851 1161 914 inimici

132 943 166 1005 in
196 941 342 1003 inimicis
364 960 551 1004 conversum.
597 940 776 1012 Quomodo
800 941 910 1014 5119
934 947 1000 1001 orto
1024 938 1160 1000 ablativo
1231 1000 1242 1023 ι

133 1028 245 1092 ceteris
273 1028 349 1106 (rid.
372 1046 441 1108 pag.
466 1027 521 1112 18)
558 1028 764 1108 antepositum
794 1036 843 1090 est
869 1035 899 1090 et
920 1027 959 1089 ad
981 1026 1059 1088 hunc
1088 1045 1160 1086 seu-

135 1135 203 1178 sum
228 1115 432 1176 efficiendum:
456 1121 485 1177 et
505 1115 596 1195 paulo
619 1115 814 1177 humaniores
837 1135 927 1197 quam
943 1121 1013 1174 sunt
1028 1113 1161 1174 eiusdem

134 1202 254 1284 generis
284 1201 421 1262 homines
444 1208 473 1264 et
495 1200 604 1263 ceteris
633 1221 750 1283 qnoque
779 1202 990 1274 humaniores,
1026 1200 1100 1260 adeo
1129 1207 1162 1260 ut

133 1288 212 1352 Ubii
234 1307 300 1349 curn
324 1288 443 1348 omnino
467 1288 689 1350 Germanorum
714 1288 835 1369 populis
857 1286 1078 1367 aliquantulum
1102 1285 1159 1347 hu-

135 1375 285 1438 manitate
308 1374 522 1453 praestiterint
544 1383 607 1436 tum
632 1375 726 1437 multo
747 1375 844 1457 magis
861 1375 970 1436 ceteris
985 1373 1161 1436 nationibus

137 1461 386 1536 antecellueriut3
415 1461 495 1523 hanc
521 1462 600 1523 enirn
624 1462 824 1537 sententiam,
859 1481 919 1543 qua
947 1459 1065 1543 quidem
1089 1478 1161 1539 per-

134 1550 254 1611 versior
284 1556 316 1608 et
343 1567 421 1628 quae
449 1568 468 1608 a
497 1549 657 1628 scriptoris
686 1549 788 1611 verbis
811 1548 908 1630 magis
931 1547 1083 1628 discrepet
1106 1565 1162 1607 ex-

136 1635 267 1718 cogitari
295 1634 348 1696 vix
369 1642 490 1715 potest,
520 1634 664 1696 exhibere
688 1636 821 1698 voluisse
846 1634 969 1696 criticos
992 1634 1054 1694 iem
1078 1633 1162 1694 auti-
1241 1636 1243 1641 '

134 1722 301 1804 quissimae
328 1721 478 1783 editiones
506 1722 699 1802 apertissime
726 1730 889 1785 testantur.
933 1720 1003 1781 Neu
1030 1719 1162 1781 firmiore

134 1810 193 1873 niti
215 1810 411 1871 fundamento
430 1809 502 1882 134,
519 1810 561 1871 37
577 1817 765 1872 noseorum
779 1807 920 1870 militum
934 1807 1165 1888 victorumque

135 1897 304 1960 communis
327 1895 429 1976 opinio
454 1906 516 1971 est,
541 1896 627 1957 cuins
650 1896 872 1958 coniunctionis
888 1894 1044 1955 adhibitae
1061 1893 1164 1973 aliqua

135 1985 247 2048 saltem
275 1982 354 2044 ratio
379 1983 490 2045 adferri
513 1991 627 2063 potest.
671 1983 792 2063 Aperta
814 2001 886 2044 vero
910 1983 994 2043 trans
1018 1988 1065 2041 est
1090 1979 1162 2055 152,

135 2074 246 2135 8111
262 2078 376 2133 nostra
406 2068 535 2132 anailia
563 2076 631 2132 aut
661 2068 835 2133 Gallorum
864 2068 1164 2148 Germanorumque

136 2157 339 2232 transibant,
362 2157 414 2218 ubi
437 2165 468 2218 et
491 2156 527 2216 de
550 2157 758 2219 Romanorum
783 2167 815 2219 et
837 2158 874 2218 de
889 2155 1023 2217 hostium
1040 2154 1164 2216 auxiliis

137 2248 324 2308 mentionem
346 2244 411 2304 fieri
434 2263 525 2324 posse
550 2244 740 2306 existimavit
761 2243 789 2306 is
813 2245 863 2325 qui
886 2243 1035 2322 corrigere
1057 2241 1163 2302 voluit.
1215 2246 1216 2249 ’

139 2334 219 2395 Turn
242 2331 273 2392 in
295 2331 406 2392 lictivis
430 2330 533 2391 verbis
549 2330 718 2392 inserendis
735 2330 999 2393 coniunctionibus
1015 2329 1164 2408 repletam

137 2437 205 2482 esse
239 2417 408 2478 orationem
437 2417 513 2478 haec
541 2419 721 2479 documento
752 2427 823 2480 sunt
853 2416 1007 2497 exempla:
1040 2415 1098 2489 95,
1122 2415 1162 2476 23

136 2505 232 2589 papis
265 2503 538 2585 partibusque,
570 2504 641 2579 158,
666 2506 707 2566 34
736 2513 772 2568 et
795 2523 987 2566 romanum
1010 2509 1038 2565 et
1059 2507 1162 2564 cater-

135 2612 231 2663 num,
257 2591 329 2664 101,
355 2591 394 2652 12
424 2599 489 2652 aut
518 2593 674 2653 audisse
702 2599 759 2654 aut
786 2593 891 2656 adisse
924 2599 955 2652 et
987 2608 1065 2671 quae
1093 2595 1165 2650 sunt

138 2677 256 2761 generis
276 2678 419 2739 eiusdem.
442 2713 484 2722 -
509 2677 581 2751 155,
597 2679 638 2739 40
663 2678 704 2739 in
727 2679 896 2742 itineribus
909 2676 1044 2740 diuersis
1059 2694 1164 2754 quem-

138 2765 301 2828 admodum
325 2764 362 2824 in
384 2763 446 2825 uiis
468 2763 604 2826 diuersis
626 2764 784 2826 dicendum
808 2784 875 2826 esse
897 2763 1070 2825 videbatur.

202 2853 231 2914 5.
268 2850 475 2931 Amplilicatis
498 2849 601 2912 verbis
624 2851 797 2913 litterarum
821 2852 939 2929 aliquot
961 2849 1009 2909 vel
1026 2848 1164 2930 syllabae

136 2939 227 3003 unius
251 2938 417 2999 alteriusve
438 2938 614 2998 accessione
636 2937 781 2999 adiuncta
805 2937 942 2998 effectum
966 2943 1014 2997 est
1038 2935 1163 3014 aliquid,

139 3027 222 3108 qnod
243 3024 320 3087 nihil
342 3023 593 3106 intellegentibus
616 3024 734 3104 plenius
756 3024 979 3104 perfectiusque
1001 3022 1164 3085 videretur.

138 3113 230 3184 Quod
252 3120 287 3174 ut
308 3111 550 3174 committeretur
573 3110 735 3191 aliquando
759 3112 931 3191 proximum
954 3108 1079 3170 verbum
1106 3109 1164 3171 ad-

138 3199 235 3264 duxit.
288 3199 385 3261 Cuius
414 3198 532 3279 generis
566 3197 597 3258 in
625 3199 723 3277 prima
753 3199 790 3260 cl.
815 3197 950 3259 codicum
977 3196 1165 3258 incrementa

137 3297 211 3350 sunt
233 3305 310 3367 qnae
326 3293 507 3366 sequnntur:
532 3283 639 3356 18,15
663 3285 904 3365 diurnisque:
930 3282 1163 3364 diuturnisque,

137 3377 190 3448 32,
214 3375 256 3435 40
284 3373 473 3434 conlatis:
502 3370 690 3444 conlocatis,
720 3371 771 3445 36,
797 3373 816 3433 3
844 3371 896 3432 At
924 3370 1041 3432 totis:
1069 3373 1164 3433 Atte-

136 3461 230 3534 nitis,
255 3457 342 3533 37,1
369 3458 572 3520 summitti:
595 3457 782 3531 summitati,
806 3457 916 3532 48,12
940 3457 1163 3519 sarmentis:

135 3545 366 3618 sacramentis,
391 3545 442 3616 51,
466 3547 485 3604 3
509 3545 692 3606 intritae:
715 3544 899 3618 interritae,
924 3544 976 3617 55,
999 3542 1163 3606 271111-

137 3644 215 3697 tus:
238 3632 399 3704 ciuitatus,
423 3631 475 3704 64,
501 3631 542 3692 36
565 3633 641 3692 iter
662 3631 842 3693 lecisset:
865 3631 1079 3711 interfecisset,
1109 3629 1161 3704 68,

138 3721 182 3784 29
205 3737 389 3800 quaeque:
412 3735 634 3798 quemcumque,
660 3715 711 3790 76,
734 3717 777 3778 40
800 3718 973 3780 milibus:
996 3715 1162 3791 militibus,

140 3807 230 3883 77,9
253 3807 419 3887 legione:
441 3801 609 3886 relipione,
633 3802 685 3878 86,
703 3802 997 3888 lcommuni[s]:
1021 3824 1162 3866 commu-

138 3895 234 3966 nitis,
263 3892 316 3970 91,
341 3892 360 3953 7
383 3881 429 3954 a'n
452 3909 558 3973 gneo:
588 3893 735 3974 abrepto,
765 3888 818 3965 95,
842 3892 884 3954 34
906 3891 1081 3973 sequani:
1110 3910 1162 3954 se-

137 3980 301 4074 pauent,
326 3980 398 4056 lot,
415 3978 456 4052 14
469 3978 678 4061 impedita:
700 3977 925 4070 iupedimenta,
950 3978 1163 4056 15213111,
