2616 4492
478 255 527 307 nn
548 254 837 310 snmcnonmns.
1127 244 1171 314 st

142 417 202 485 que
223 445 231 463 .
254 446 262 465 .
285 397 559 485 eonsirmcuit.
603 400 640 463 In
672 399 830 484 utriusque
863 400 983 483 generis
1016 402 1169 468 codicibus

140 490 220 552 been
240 487 356 569 scriptu
385 496 471 550 sunt:
508 485 580 562 166,
604 485 733 552 26-29
756 489 841 572 cuod
866 490 932 552 sebi
960 489 1076 552 uendit
1099 537 1106 553 .
1130 537 1137 553 .
1161 536 1169 555 .

140 576 228 659 quod
248 575 310 637 ubi
331 573 464 647 multem,
498 575 551 649 33,
573 576 628 650 20,
651 576 690 638 21
713 583 885 659 propterea
914 577 1013 658 quod
1034 577 1171 642 rhenum

141 663 308 743 attinerent
330 706 361 724 ..
385 661 483 742 qnod
509 659 638 743 pollicis
659 669 738 725 eunt
757 664 902 725 moribus
923 663 1107 745 compacti,
1136 665 1168 742 8,

143 747 448 833 18-20praeetare
460 748 645 812 debeant.
663 795 670 812 .
687 769 808 830 ‚neqeee
828 750 973 813 debitore
988 751 1168 829 debeant,

141 833 214 909 129,
235 834 289 909 41,
305 833 348 896 42
371 835 426 915 qni
447 855 598 898 murum
624 836 834 899 ascenderant
850 837 1059 899 circumuenti
1079 845 1170 920 atque

137 921 297 1006 interjecti
330 939 431 983 muro
463 921 764 1004 praecipitabuntur
798 923 872 1004 (TU
894 923 931 985 de
958 923 1167 1008 addiderunt),

138 1008 192 1082 43,
217 1005 345 1071 33-40
368 1027 480 1070 eonor
506 1009 545 1071 ob
570 1029 679 1071 crasso
703 1010 855 1073 certior
867 1011 1010 1092 faetus
1111 1031 1167 1074 ue·

137 1095 205 1159 neti
222 1141 229 1158 .
246 1141 253 1158 .
269 1093 395 1175 coquite
418 1095 559 1158 cessuris
580 1095 721 1158 seluemo
740 1096 930 1158 certiores
958 1096 1069 1171 iecti,
1094 1096 1166 1171 140,

140 1177 269 1246 14-17
290 1179 460 1262 Imperant
479 1181 590 1244 aeduis
613 1188 706 1264 atque
735 1201 845 1245 eorum
874 1180 1089 1246 clientibus
1116 1203 1167 1246 se·

134 1268 288 1352 pusionis
307 1275 364 1330 cet.
386 1265 480 1329 milio
501 1287 598 1328 xxxv.
621 1288 735 1351 pursm
755 1289 925 1331 numeru-m
940 1270 1166 1332 arcersiend-

138 1355 261 1421 tereto
282 1353 492 1417 clientibus
516 1353 592 1438 (iem
616 1374 689 1416 vero
713 1355 895 1418 eleutbtis
918 1357 1001 1441 cdd.)
1019 1356 1167 1420 cadurcis

137 1451 207 1516 oet,
233 1441 286 1516 10,
300 1439 440 1514 41-71,
454 1441 470 1502 1
497 1440 659 1524 praesidio
682 1442 854 1505 nauibus
876 1449 978 1505 essent
989 1489 996 1504 .
1009 1490 1016 1505 .
1029 1451 1057 1505 et
1067 1462 1166 1525 prae-

137 1530 224 1594 stete
244 1528 407 1591 navibus
428 1549 478 1610 qu.
493 1527 616 1590 utrium
632 1529 797 1612 praefecit,
822 1529 894 1603 102,
911 1526 1038 1592 16-18
1051 1548 1166 1611 prete-

136 1615 358 1698 eidinmque
374 1659 405 1677 ..
425 1614 564 1697 ponit..
586 1611 690 1677 locum
705 1661 736 1677 ..
757 1617 882 1698 fierunt.
908 1615 937 1678 ei
959 1615 1026 1679 loco
1052 1634 1166 1695 pree-

137 1702 318 1784 sidioqne
341 1709 414 1773 ost,
442 1702 473 1776 2,
499 1698 625 1762 lb-l'l
653 1700 702 1764 ed
723 1720 786 1764 eas
807 1721 871 1764 ree
893 1703 1166 1784 conficiendos

137 1788 302 1854 metum
428 1787 474 1849 ud
501 1805 565 1850 ess
592 1805 651 1850 res
684 1787 950 1864 conficiendas
984 1789 1164 1873 erpetorc‘e,

136 1875 191 1951 98,
214 1877 256 1938 33
279 1875 325 1938 ub
352 1873 513 1955 reliquis
540 1873 627 1937 uitae
652 1873 810 1938 institutis
837 1874 981 1956 beesere
1003 1876 1046 1938 ab
1069 1873 1164 1938 reli-

135 1962 224 2046 quis
251 1961 412 2045 differunt,
441 1958 493 2022 nbi
516 1970 618 2023 tumen
641 1962 680 2023 ub
702 1960 734 2023 in
755 1959 787 2024 R
808 1961 874 2023 solo
895 1961 927 2023 in
949 1961 993 2024 ud
1014 1969 1164 2026 mutatum

135 2049 294 2123 remansit,
328 2047 421 2111 ceteri
447 2047 485 2111 iss
510 2046 636 2110 hebent.
671 2045 743 2122 138,
770 2047 895 2110 10-12
924 2048 1165 2130 anqustioriboes

136 2136 243 2221 poeste
263 2135 413 2199 relictis
540 2131 694 2214 nonnulli
712 2133 870 2197 relictis
892 2135 977 2216 equis
997 2143 1064 2209 cet,
1091 2133 1163 2211 166,

137 2226 181 2287 30
202 2222 351 2305 proelio
374 2221 536 2285 secundo
557 2221 704 2304 praetre
725 2222 766 2284 ab
786 2240 821 2285 eo
841 2219 1043 2296 uulneratus,
1067 2223 1118 2285 ubi
1132 2240 1162 2287 v.
1198 2257 1208 2273 -,

137 2309 178 2374 14
195 2308 327 2394 proelio
352 2309 492 2372 maredo
519 2316 610 2390 etque
638 2305 711 2382 165,
733 2306 755 2370 8
777 2316 914 2392 equestre
931 2307 1091 2391 proelium
1112 2328 1163 2373 se-

135 2397 276 2464 cundusne
302 2403 473 2458 memorate
499 2403 594 2458 erent.
638 2394 794 2458 Interdum
817 2414 855 2458 ex
876 2395 925 2471 iis,
960 2415 1037 2476 qnae
1067 2396 1163 2461 multo

133 2491 403 2568 postsequuntur,
432 2480 546 2563 aliquid
568 2490 796 2564 praesumptum
819 2491 881 2545 est:
914 2481 965 2558 18,
987 2479 1030 2545 27
1052 2503 1184 2552 caece„

134 2589 203 2636 rem
235 2570 334 2633 secuti
366 2589 433 2633 nors
459 2588 613 2652 moenum
643 2568 851 2650 periculum
879 2569 1163 2633 miserebuntur

136 2660 175 2722 iss
195 2674 232 2721 re
252 2655 392 2720 militari
413 2675 507 2718 cesum
527 2655 682 2718 iubebunt
704 2655 732 2717 P
755 2654 861 2738 (plura
882 2675 955 2718 vero
976 2655 1162 2721 AMTLUH

132 2745 252 2809 inserts
272 2741 422 2827 hebent);
456 2759 526 2804 nem
553 2740 603 2815 18,
626 2741 668 2803 34
691 2760 746 2804 suo
774 2742 840 2804 loco
867 2741 978 2824 legitur
999 2762 1173 2806 commune*

129 2828 313 2916 paecedunt
341 2830 587 2892 monebantur.
621 2826 675 2903 44,
701 2829 741 2890 13
763 2825 864 2891 alium
886 2848 951 2892 esse
972 2830 1160 2912 nanipate'o·

132 2938 206 2984 nem
232 2917 270 2980 s'n
298 2914 444 2980 concluso
472 2914 560 2979 muri
587 2919 680 2997 cique
705 2914 744 2977 e'n
770 2914 956 2978 emtbsime
977 2923 1101 2997 'etque
1123 2934 1160 2979 e·

133 3002 359 3088 pertissimn
389 3021 505 3066 oeeono
534 3000 638 3075 PRV3
668 3007 717 3062 est
745 3000 824 3063 enirn
852 2999 905 3076 46,
928 3001 971 3062 20
991 3010 1084 3066 noeto
1107 3009 1159 3066 ot·

132 3112 191 3177 que
212 3097 323 3174 aperto
342 3089 438 3154 muri.
465 3087 514 3164 18,
529 3089 572 3151 23
587 3089 687 3151 ceum
707 3084 872 3151 occulerem
892 3088 1070 3151 dicebant
1083 3089 1158 3172 ser·

131 3200 169 3244 rc
184 3177 342 3262 potuisse,
361 3176 412 3239 nbi
435 3186 467 3238 et
487 3175 664 3257 sequiturv.
680 3174 723 3237 42
743 3174 890 3238 dicebant
911 3183 941 3237 et
961 3174 1053 3255 puulo
1076 3185 1157 3250 ente,

131 3286 164 3330 v.
183 3267 238 3342 21,
271 3263 421 3326 infinitivo
454 3262 644 3345 subiungitur
676 3261 801 3324 verbum
832 3261 953 3325 dicendi
983 3263 1157 3346 praediea·

132 3354 227 3420 bunt*
262 3351 450 3433 Msgncpers
482 3363 612 3423 vercor:
635 3368 674 3411 ns
701 3350 781 3430 quod
803 3348 947 3423 iteratum
970 3349 1081 3430 legitur
1103 3347 1154 3424 36,

132 3442 175 3504 33
194 3437 282 3503 ondit
307 3457 345 3500 ex
371 3436 569 3520 subsequenti
585 3454 685 3499 ¹vetrsn
710 3434 753 3500 42
781 3444 934 3516 sumptum
949 3435 1010 3497 =sit
1055 3433 1156 3508 Quusu

135 3526 268 3592 enimin
289 3524 463 3588 huiusmodi
490 3543 524 3586 re
550 3531 693 3603 suspecte
714 3521 755 3585 sit
777 3522 912 3584 codicum
933 3523 1019 3596 fides,
1042 3541 1080 3584 ex
1100 3521 1155 3598 iis,

131 3614 250 3696 opinor,
279 3629 357 3695 quse
378 3610 439 3672 iem
466 3609 624 3690 preposite
645 3617 725 3684 sunt,
753 3608 947 3690 intellegitur.
992 3608 1153 3672 Inconsul-
1199 3614 1202 3620 '

130 3702 194 3764 tius
215 3699 305 3763 istius
326 3695 445 3783 generis
465 3695 600 3776 ineptiae
621 3696 654 3759 in
675 3695 822 3776 plurimas
845 3695 991 3758 editiones
1014 3704 1154 3777 receptae

131 3795 220 3861 sunt;
248 3785 332 3849 usius
354 3784 398 3847 rei
420 3783 558 3862 exemplo
581 3792 646 3846 esto
670 3780 742 3855 163,
764 3779 807 3844 29
832 3782 955 3845 uideret
975 3801 1047 3845 non
1070 3783 1153 3846 sino

131 3892 267 3956 msgno
286 3872 455 3952 periculo
477 3868 643 3952 erepieme.
678 3866 798 3939 Queter
818 3868 879 3932 illic
900 3869 932 3931 in
954 3869 1065 3933 vicinio
1086 3868 1151 3955 (vv.

132 3963 187 4038 20,
203 3955 324 4039 3331.
348 3957 420 4035 164,
445 3956 481 4043 1)
503 3954 643 4039 leguntur
664 3956 757 4022 subs
776 3955 848 4024 sine
862 3953 1019 4046 pescolo.
