2616 4492
297 230 323 281 ῃ
402 310 522 357 tumr.
545 310 622 359 car.
637 293 774 359 53—56.
1058 293 1102 357 89
1151 309 1154 316 ’

83 449 139 520 tis,
162 467 229 509 cum
250 448 277 508 is
300 468 417 514 omnem
440 451 535 510 adse
557 458 694 511 senatum
715 450 818 511 venire
840 449 993 521 iussisset,
1022 447 1102 509 dioto

83 535 238 595 audientes
272 554 332 596 non
359 536 489 597 fuerunt.
535 535 668 597 Tantum
691 537 772 615 apud
793 536 930 597 homines
952 535 1101 596 barbaros

81 621 177 682 valuit
204 640 271 682 esse
298 621 415 701 aliquos
438 630 574 701 repertos
597 622 747 701 principes
769 622 915 683 inferendi
936 620 1008 683 belli
1029 629 1101 680 tan-

82 717 204 785 tamque
232 707 369 768 omnibus
397 708 586 770 voluntatum
620 708 883 770 commutationem
917 706 1034 779 attulit,
1068 714 1103 765 ut

81 801 204 873 praeter
235 792 362 855 Aeduos
396 804 426 855 et
457 794 585 868 Remos,
620 815 695 875 quos
722 795 882 874 praecipuo
905 812 1024 871 semper
1045 792 1131 852 ho-s

82 898 157 941 nore
180 878 294 940 Caesar
316 880 439 954 habuit,
468 880 580 942 alteros
608 901 663 960 pro
685 892 786 942 vetere
809 901 844 942 ac
866 888 1011 960 perpetua
1034 897 1104 956 erga

83 964 226 1047 populum
260 966 431 1028 Romanum
463 968 535 1040 fide,
571 965 683 1028 alteros
716 987 770 1047 pro
798 967 966 1028 recentibus
994 963 1104 1026 Gallici

83 1051 154 1113 belli
183 1052 303 1126 officiis,
333 1053 416 1114 nulla
437 1054 499 1115 fere
520 1054 627 1115 civitas
649 1054 738 1115 fuerit
760 1073 820 1114 non
843 1060 984 1131 suspecta
1006 1050 1103 1111 nobis.

82 1139 176 1218 quue
208 1139 282 1199 adeo
311 1139 394 1200 haud
421 1140 495 1201 scio¹
510 1140 717 1201 mirandumne
745 1140 786 1200 sit
813 1158 880 1208 cnm
902 1137 1103 1216 compluribus

84 1224 154 1286 aliis
176 1226 213 1286 de
235 1226 350 1299 causis,
385 1235 449 1287 tum
473 1227 617 1300 maxime,
652 1227 731 1306 quod
754 1227 795 1300 ei,
830 1226 880 1306 qui
902 1225 1013 1285 virtute
1035 1221 1105 1284 belli
1119 1245 1148 1282 ro

85 1312 222 1373 omnibus
245 1312 380 1391 gentibus
403 1315 659 1392 praeferebantur,
693 1322 810 1374 tautum
839 1332 871 1372 se
900 1311 963 1371 eius
986 1309 1105 1388 opinio-

85 1397 132 1458 nis
155 1399 375 1497 deperdidisse,
399 1408 433 1460 ut
456 1419 474 1461 a
495 1398 606 1480 populo
629 1399 768 1461 Romano
783 1397 910 1477 imperia
923 1398 1104 1517 perterrent,

85 1483 263 1564 gravissime
285 1484 436 1545 dolebant.

151 1570 276 1631 Treveri
297 1589 384 1630 vero
394 1579 484 1650 atque
505 1570 730 1631 Indutiomarus
752 1568 846 1629 totius
869 1567 975 1628 hiemis
991 1565 1147 1629 nullum55

86 1665 204 1734 tempus
231 1656 475 1728 intermiserunt,
509 1656 582 1735 quin
609 1664 694 1717 trans
722 1656 862 1717 Rhenum
890 1653 1005 1732 legatos
1034 1653 1105 1712 urit-
1120 1675 1148 1713 rs

86 1750 196 1815 terent,
217 1741 356 1802 civitates
373 1742 580 1818 sollicitarent,
596 1742 738 1821 pecunias
754 1740 975 1820 pollicerentur,
997 1758 1108 1818 magna

88 1837 175 1908 parte
198 1827 346 1889 exercitus
369 1829 464 1888 nostri
485 1829 644 1889 interfecta
665 1828 758 1888 multo
781 1826 925 1887 minorem
949 1844 1107 1904 superesse

87 1915 220 1976 dicerent
246 1922 373 1993 partem.
422 1914 527 1994 Neque
549 1924 651 1975 tamen
673 1913 725 1975 ulli
748 1913 862 1974 civitati
885 1910 1107 1973 Germanorum

89 2001 262 2081 persuaderi
288 1999 402 2079 potuit,
436 2009 470 2062 ut
490 2000 630 2061 Rhenum
652 2000 810 2071 transiret,
839 2018 905 2059 cnm
929 2018 961 2058 se
982 1998 1029 2058 bis
1053 2016 1107 2059 ex-

89 2097 192 2167 pertos
220 2087 370 2159 dicerent,
398 2085 548 2148 Ariovisti
571 2087 648 2147 bello
671 2097 702 2147 et
724 2088 937 2147 Tencterorum
959 2085 1105 2146 transitu-t
1121 2108 1151 2145 rc

91 2193 152 2234 non
175 2192 240 2234 esse
263 2173 391 2252 amplius
413 2174 562 2234 torturam
585 2182 794 2252 temptaturus.
837 2172 906 2232 Hac
927 2191 980 2250 spe
1003 2171 1107 2251 lapsus

89 2259 311 2321 Indutiomarus
334 2259 425 2320 nihilo
449 2260 547 2320 minus
570 2260 671 2340 copias
695 2279 815 2339 cogere,
843 2277 992 2340 exercere,
1021 2277 1040 2318 a
1069 2258 1108 2319 li-

91 2346 205 2407 nitimis
238 2365 329 2425 equos
362 2365 486 2425 parare,
522 2347 639 2407 exsules
668 2347 885 2424 damnatosque
913 2353 978 2404 tota
1005 2343 1109 2405 Gallia

92 2433 206 2512 magnis
240 2432 380 2511 praemiis
410 2433 449 2493 ad
478 2453 510 2493 se
538 2432 656 2494 allicere
684 2433 790 2512 coepit.
839 2430 888 2492 Ac
910 2439 1028 2491 tantam
1050 2430 1109 2491 sibi

91 2517 152 2578 iam
186 2518 232 2579 his
259 2519 348 2579 rebus
376 2518 406 2579 in
435 2518 538 2581 Gallia
566 2519 775 2581 auctoritatem
799 2527 1041 2596 comparaverat,
1075 2525 1151 2578 utus

93 2605 221 2684 undique
249 2606 288 2665 ad
316 2624 383 2665 eum
411 2605 575 2686 legationes
605 2614 828 2676 concurrerent,
863 2603 991 2681 gratiam
1019 2611 1109 2682 atquo

94 2690 256 2751 amicitiam
288 2691 404 2769 publice
435 2691 636 2771 privatimque
668 2700 814 2771 peterent.
869 2689 930 2750 Ubi
961 2689 1110 2751 intellexit
1118 2697 1152 2750 56

93 2778 173 2837 ultro
202 2777 296 2836 adse
319 2776 428 2847 veniri,
457 2777 553 2838 altera
574 2798 613 2838 ex
633 2785 719 2857 parte
743 2776 877 2838 Senones
901 2775 1109 2856 Carnutesque

96 2966 153 3026 qne
186 2947 295 3006 bellum
328 2947 475 3008 Romanis
507 2968 632 3026 parare,
667 2968 763 3029 neque
790 2949 848 3010 sihi
873 2948 1110 3010 voluntariorum
1124 2968 1154 3005 ao

95 3032 198 3112 copias
221 3033 337 3106 delore,
365 3032 392 3093 si
420 3052 457 3094 ex
484 3035 591 3095 finibus
615 3035 676 3095 suis
698 3035 836 3114 progredi
859 3035 1023 3113 coepisset,
1058 3053 1110 3095 ar·

97 3128 212 3180 matum
234 3118 388 3179 concilium
410 3118 523 3180 indicit.
551 3121 618 3181 Hoc
639 3139 721 3182 more
744 3120 902 3182 Gallorum
925 3129 972 3180 est
992 3120 1111 3180 initium

97 3206 183 3279 belli,
208 3225 265 3285 quo
288 3205 352 3284 lege
374 3206 522 3266 communi
545 3224 647 3267 omnes
669 3208 798 3286 puberes
822 3205 931 3267 armati
954 3205 1112 3269 convenire

96 3299 292 3364 consuerunt3
320 3292 371 3371 qni
393 3310 430 3353 ex
451 3292 488 3352 iis
512 3291 692 3354 novissimus
716 3293 869 3366 convenit,
897 3293 929 3352 in
951 3300 1112 3370 conspectu

97 3377 298 3440 multitudinis
338 3378 474 3438 omnibus
508 3377 688 3439 cruciatibus
723 3381 856 3440 adlectus
890 3387 1021 3439 necatur.
1076 3378 1113 3440 Iu
1127 3398 1156 3437 aa

98 3486 133 3526 eo
171 3463 294 3526 concilio
334 3464 567 3544 Cingetorigem,
606 3463 728 3525 alterius
761 3464 925 3544 principem
958 3463 1112 3540 factionis,

98 3570 238 3630 generum
262 3571 364 3623 suum,
386 3570 471 3630 quem
493 3571 586 3630 supra
609 3551 877 3612 demonstravimus
901 3549 1041 3611 Caesaris
1063 3571 1114 3612 se-

98 3645 198 3699 cutum
222 3639 309 3698 fidem
333 3638 371 3697 ab
394 3656 428 3697 eo
451 3657 510 3698 non
533 3638 721 3712 discessisse,
744 3638 861 3698 hostem
883 3637 994 3698 iudicat
1015 3639 1115 3699 bona-

100 3743 156 3803 que
188 3724 252 3785 eius
285 3723 425 3802 publicat.
480 3725 537 3785 His
565 3726 654 3785 rebus
682 3725 822 3785 coniectis
844 3724 875 3785 in
897 3723 1018 3785 concilio
1041 3743 1113 3803 pro-

100 3811 219 3872 nuntiat
252 3810 428 3871 arcessitum
456 3830 488 3871 se
515 3831 534 3871 a
562 3809 731 3872 Senonibus
759 3805 789 3872 et
816 3811 998 3872 Carnutibus
1026 3811 1113 3873 aliis·
1128 3833 1158 3871 ιο

102 3917 158 3976 que
190 3897 391 3976 compluribus
425 3895 542 3959 Galliae
571 3897 742 3959 civitatibus
775 3898 833 3958 huc
859 3897 967 3959 iturum
995 3917 1049 3977 per
1075 3899 1113 3959 fi-

102 4002 162 4044 nes·
192 3983 356 4045 Remorum
394 4003 551 4064 eorumque
584 4004 671 4066 agros
704 3986 913 4066 populaturum
947 4004 983 4046 ac
1014 3983 1114 4064 prius,
