2616 4492
192 263 234 329 '12
525 276 573 322 nn
596 275 714 323 annuo
738 275 894 324 caturco

190 415 424 481 administrandi
459 415 610 479 communi
642 414 767 475 consilio
794 414 945 494 permissa
972 411 1221 487 Cassivellauno,

191 503 275 566 ouius
304 503 379 564 fines
409 521 428 562 a
456 500 613 562 maritimis
641 499 816 562 civitatibus
844 500 955 565 flumen
983 498 1107 573 dividit,
1141 502 1224 580 quod

192 588 365 670 appellatur
388 587 545 659 Tamesis,
568 606 588 647 a
610 585 687 647 mari
709 585 826 647 circiter
848 585 931 647 milia
945 605 1091 665 passuum
1105 600 1222 650 LXXX.

191 675 271 738 Huic
293 673 448 754 superiore
469 680 604 751 tempore
628 691 695 734 cum
717 672 840 752 reliquis
869 671 1042 733 civitatibus
1065 671 1223 733 continen-

162 759 238 827 stia
258 760 340 821 bella
361 759 614 831 intercesserant;
638 758 691 819 sed
714 768 818 819 nostro
842 759 976 819 adventu
998 757 1128 836 permoti
1150 756 1223 819 Bri-

191 845 279 909 tanni
300 846 381 906 hunc
402 845 460 906 toti
481 843 560 906 bello
583 843 768 924 imperioque
790 845 1005 924 praefecerant.

150 935 183 984 12
256 930 436 993 Britanniae
458 949 529 1010 pars
551 928 677 991 interior
699 930 738 993 ab
761 928 798 990 iis
820 929 970 1001 incolitur,
994 946 1075 1007 quos.
1085 935 1176 988 natos
1190 927 1224 989 iu

192 1017 293 1081 insula
325 1016 384 1096 ipsi
418 1015 564 1077 memoria
585 1015 736 1095 proditum
760 1014 879 1090 dicunt,
913 1014 1068 1075 maritima
1089 1032 1160 1092 pars
1183 1013 1223 1077 ab

192 1103 246 1178 iis,
270 1102 321 1183 qui
342 1103 475 1181 praedae
498 1121 533 1164 ac
554 1102 626 1163 belli
648 1101 795 1163 inferendi
818 1120 912 1162 causa
933 1119 972 1161 ex
993 1098 1097 1178 Belgio
1119 1108 1224 1160 trans-

150 1211 179 1249 ιο
192 1189 293 1250 ierunt
323 1185 391 1268 (qui
413 1207 517 1251 omnes
538 1188 601 1252 iere
623 1186 661 1250 iis
684 1187 855 1248 nominibus
878 1185 1036 1248 civitatum
1061 1184 1223 1265 appellan-

193 1283 252 1349 tur,
287 1273 394 1354 quibus
428 1273 487 1335 orti
520 1293 558 1334 ex
586 1273 761 1336 civitatibus
789 1292 824 1333 eo
847 1269 1066 1353 pervenerunt)
1091 1279 1122 1332 et
1142 1270 1224 1333 bello

192 1359 288 1423 inlato
310 1359 353 1425 ibi
374 1367 607 1440 permanserunt
630 1368 721 1438 atque
744 1378 833 1438 agros
849 1358 945 1419 colere
960 1364 1132 1437 coeperunt
1155 1357 1231 1418 Ho-'

192 1445 309 1507 minum
337 1453 385 1506 est
411 1444 531 1510 infinita
557 1444 719 1506 multitudo
742 1443 982 1524 creberrimaque
1003 1441 1141 1504 aedificia
1162 1443 1224 1504 iere

194 1529 322 1593 Gallicis
351 1530 534 1604 consimilia,
568 1549 710 1611 pecorum
738 1549 866 1610 magnus
889 1548 1042 1591 numerus.
1086 1529 1224 1595 Utuntur

150 1638 179 1677 rs
194 1625 249 1679 aut
276 1635 345 1679 aere
373 1624 427 1677 aut
454 1615 545 1677 taleis
571 1615 678 1678 ferreis
701 1616 741 1676 ad
764 1624 878 1677 certum
900 1616 1018 1694 pondus
1041 1613 1224 1679 examinatis

192 1721 248 1784 pro
276 1721 409 1763 nummo.
453 1700 598 1764 Nascitur
619 1701 839 1780 ibi-plumbum
862 1701 964 1763 album
986 1700 1019 1762 in
1040 1700 1225 1762 mediterra-

193 1787 260 1851 neis
282 1788 471 1868 regionibus,
494 1786 526 1849 in
549 1786 709 1849 maritimis
730 1788 858 1859 ferrum,
881 1787 935 1848 sed
958 1786 1023 1847 eius
1046 1785 1156 1866 exigua
1176 1794 1226 1847 est

193 1874 295 1954 copiag
324 1893 394 1935 aere
421 1881 548 1938 utuntur
568 1873 743 1953 importato.
787 1872 920 1934 Materia
941 1871 1085 1952 cuiusque
1106 1871 1225 1951 generis

193 1968 231 2021 ut
255 1959 288 2020 in
316 1958 418 2020 Gallia
441 1967 489 2019 est
509 1968 632 2039 praeter
652 1961 754 2039 fagum
776 1967 868 2038 atque
891 1957 1030 2020 abietem.
1074 1956 1225 2036 Leporem

151 2066 181 2110 oo
195 2053 227 2106 et
248 2044 392 2124 gallinam
415 2053 447 2104 et
469 2063 608 2106 anserem
631 2053 752 2125 gustare
773 2045 821 2106 fas
844 2063 904 2106 non
926 2051 1051 2124 putante
1073 2042 1150 2104 haec
1171 2051 1224 2104 ta-

195 2148 264 2191 men
297 2129 384 2190 alunt
418 2129 512 2191 animi
538 2129 765 2210 voluptatisque
793 2149 895 2191 causa.
943 2129 1028 2192 Loca
1050 2138 1122 2193 sunt
1143 2136 1225 2191 tem-

193 2214 349 2294 peratiora
372 2233 462 2294 quam
480 2214 515 2276 in
539 2214 641 2280 Gallia
663 2215 886 2280 remissioribus
909 2215 1079 2295 frigoribus.

152 2302 186 2353 13
258 2299 366 2361 Insula
393 2307 505 2362 natura
531 2300 696 2380 triquetra«,
724 2300 807 2362 cuius
829 2321 922 2363 unum
944 2301 1026 2362 latus
1049 2307 1097 2361 cst
1118 2307 1225 2362 contra

194 2383 338 2448 Galliam.
383 2385 483 2447 Huius
510 2385 617 2447 lateris
646 2386 724 2448 alter
751 2386 894 2466 angulus,
930 2386 980 2467 qui
1006 2395 1054 2447 est
1075 2387 1116 2447 ad
1137 2384 1223 2447 Can-

150 2493 179 2531 m
194 2471 286 2545 tium,
321 2490 380 2550 quo
413 2472 473 2532 iere
501 2490 605 2533 omnes
633 2491 671 2532 ex
699 2471 801 2533 Gallia
828 2491 922 2533 naves
945 2472 1150 2551 adponuntur,
1183 2473 1224 2533 ad

195 2556 343 2618 orientem
365 2555 475 2630 solam,
503 2556 628 2618 inferior
651 2559 691 2619 ad
713 2557 867 2619 meridiem
890 2565 1016 2638 spectat.
1060 2559 1129 2619 Hoc
1148 2577 1224 2637 per-

194 2641 273 2704 tinet
294 2641 411 2702 circiter
432 2641 516 2702 milia
538 2662 682 2722 passuum
705 2643 876 2724 quingenta.
909 2641 1050 2705 Alterum
1065 2642 1164 2722 vergit
1183 2643 1225 2704 ad

194 2727 378 2806 Hispaniam
401 2735 492 2807 atque
515 2728 697 2790 occidentem
720 2730 831 2802 solem;
855 2749 915 2809 qua
936 2737 1081 2809 exparte
1101 2736 1150 2790 est
1163 2728 1224 2794 Hi·

193 2812 316 2885 bernia,
351 2811 474 2878 dimidio
502 2813 611 2886 minor,
639 2822 673 2875 ut
696 2815 897 2890 existimatur,
932 2834 1024 2896 quam
1045 2813 1222 2889 Britannia,

150 2921 181 2962 ao
195 2899 250 2960 sed
277 2897 345 2978 pari
373 2899 473 2977 spatio
502 2899 700 2961 transmissus
724 2909 816 2980 atque
840 2920 878 2962 ex
899 2899 1006 2963 Gallia
1027 2910 1076 2962 est
1096 2899 1130 2960 iu
1150 2898 1223 2961 Bri·

193 2983 341 3046 tanniam.
385 2984 423 3045 In
446 2984 502 3045 hoc
524 2984 622 3049 medio
645 3004 735 3062 cursu
758 2995 806 3048 est
820 2986 935 3059 insula,
958 3006 1037 3066 quae
1052 2985 1225 3065 appellatur

193 3070 297 3132 Mona.
331 3068 509 3150 Complures
531 3080 691 3150 praeterea
713 3071 844 3136 minores
867 3072 1001 3134 obiectae
1022 3070 1141 3133 insulae
1157 3070 1224 3133 exi-

194 3155 368 3229 stimantur,
393 3157 429 3217 de
452 3155 560 3234 quibus
582 3156 690 3218 insulis
714 3157 850 3223 nonnulli
866 3157 1053 3238 scripserunt
1067 3156 1132 3219 dies
1148 3175 1223 3218 oon-

193 3241 295 3304 tinuos
328 3255 410 3301 xxx
444 3242 501 3303 sub
534 3243 641 3305 bmma
669 3262 736 3304 esse
764 3251 892 3305 noctem.
941 3243 1007 3309 Nos
1029 3243 1104 3304 nihil
1128 3244 1165 3305 de
1186 3261 1223 3304 eo

149 3351 178 3389 aa
194 3326 473 3407 percontationibus
503 3328 742 3407 reperiebamus,
777 3329 836 3391 nisi
858 3329 949 3391 certis
972 3348 1011 3390 ex
1032 3348 1113 3408 aqua
1134 3347 1223 3389 men-

194 3412 272 3478 suris
307 3412 459 3474 breviores
488 3432 555 3474 esse
583 3434 673 3495 quam
706 3414 738 3475 in
766 3414 933 3477 continenti
960 3422 1063 3476 noctes
1090 3414 1223 3476 videba-

194 3514 269 3559 mus.
314 3497 412 3565 Huius
437 3507 485 3559 est
507 3499 662 3579 longitudo
685 3499 805 3575 lateris,
829 3509 863 3561 ut
884 3502 944 3562 lert
965 3501 1086 3565 illorum
1108 3499 1221 3579 opinio,

194 3583 455 3663 septingentorum
489 3584 612 3647 milium.
657 3585 794 3647 Tertium
828 3596 875 3647 est
907 3596 1013 3648 contra
1035 3585 1222 3666 septentrio-

194 3685 265 3740 nes;
299 3668 346 3730 cui
368 3669 452 3748 parti
474 3669 558 3732 nulla
580 3679 628 3732 est
650 3670 770 3732 obiecta
790 3679 888 3746 terra,
923 3673 978 3734 sed
1006 3671 1070 3733 eius
1094 3671 1222 3752 angulus

150 3776 180 3814 so
194 3751 298 3813 lateris
326 3753 457 3815 maxime
485 3757 526 3817 ad
553 3754 749 3817 Germaniam
778 3765 904 3836 spectat.
948 3759 1017 3819 Hoc
1039 3757 1124 3819 milia
1144 3776 1221 3836 pas-

194 3856 283 3898 suum
306 3838 478 3919 octingenta
500 3841 531 3901 in
554 3840 772 3922 longitudinem
788 3862 855 3904 esse
870 3843 1065 3905 existimatur.
1088 3843 1139 3904 Ita
1154 3862 1222 3904 om-

194 3921 241 3985 nis
263 3923 364 3984 insula
386 3935 433 3987 est
455 3926 487 3986 in
510 3926 635 3989 circuitu
657 3926 749 3989 vicies
772 3937 890 3990 centum
913 3929 1029 3991 milium
1050 3947 1206 4009 passuum.
