2616 4492
200 259 242 324 76
530 274 579 321 nn
601 273 719 351 annuo
744 274 900 322 onnmoo

200 415 287 497 gulos
309 412 466 494 vectigalis
489 413 600 495 populo
621 415 761 476 Romano
783 411 946 476 Britannia
966 415 1127 494 penderet,
1153 433 1229 475 con-

203 501 319 574 stituit;
352 500 506 561 interdicit
532 511 624 581 atque
646 502 776 580 imperat
798 499 1045 574 Cassivellauno,
1074 519 1112 561 ne
1133 500 1229 561 Man-

203 587 342 649 dubratio
366 606 425 648 neu
448 586 689 648 Trinobantibus
712 596 830 648 noceat.

155 679 192 731 23
266 672 433 735 Obsidibus
462 673 593 752 adneptis
617 674 781 735 exercitum
803 671 921 734 reducit
943 672 982 732 ad
1005 690 1104 745 mare,
1132 690 1229 733 naves

170 759 317 824 sinvenit
339 761 476 820 refectas.
520 759 579 820 His
602 759 754 831 deductis,
778 759 858 839 quod
881 766 912 818 et
933 757 1120 836 captivorum
1141 777 1229 837 mag-

200 865 272 908 num
300 864 454 906 numerum
482 845 631 918 habebat,
666 855 696 906 et
718 844 880 906 nonnullae
903 851 1085 923 tempestate
1108 845 1229 922 deperi-

200 941 289 993 erant
311 950 422 1003 naves,
445 931 562 992 duobus
586 931 802 993 commeatibus
826 930 985 992 exercitum
1008 939 1162 1009 reportare
1177 930 1228 990 in·
1267 950 1269 954 ⁴

201 1017 311 1080 stituit.
356 1016 405 1078 Ao
431 1017 475 1078 sio
501 1017 625 1090 accidit,
654 1018 698 1079 uti
722 1037 759 1078 ex
782 1026 867 1079 tanto
890 1016 1012 1077 navium
1035 1035 1159 1077 numero
1181 1024 1230 1078 tot

201 1103 447 1204 navigationibus
476 1122 571 1183 neque
594 1104 652 1165 hoo
674 1123 771 1184 neque
794 1102 948 1182 superiore
972 1121 1052 1163 anno
1075 1102 1138 1163 ulla
1161 1121 1229 1164 om-

156 1190 271 1254 mnino
299 1189 404 1261 navis,
439 1207 517 1268 qnae
546 1189 656 1250 milites
678 1198 830 1269 portaret,
864 1187 1101 1262 desideraretur3
1135 1198 1229 1250 atax

199 1275 253 1351 iis,
288 1294 366 1355 quae
393 1274 500 1336 inanes
524 1294 560 1336 ex
581 1275 747 1337 continenti
775 1277 814 1337 ad
837 1295 904 1337 eum
927 1274 1117 1336 remitterent
1105 1286 1161 1349 tur,
1198 1283 1229 1335 et

200 1447 306 1510 bienns
328 1446 483 1508 faciendas
506 1458 664 1509 curaverat
691 1467 816 1509 numero
838 1462 904 1521 nx,
938 1465 1106 1526 perpaucae
1128 1446 1226 1508 locum

200 1542 356 1614 caperent,
391 1533 525 1613 reliquae
557 1534 620 1595 lere
654 1553 760 1595 omnes
793 1534 993 1595 reiicerentnr.
1050 1530 1137 1601 Quas
1159 1552 1227 1594 cum

156 1645 184 1683 rs
199 1619 386 1699 aliquamdiu
409 1618 524 1680 Caesar
545 1621 658 1681 frustra
680 1629 903 1700 exspectasset,
933 1638 971 1680 ne
997 1619 1069 1679 anni
1091 1627 1227 1698 tempore

199 1725 219 1768 a
251 1705 446 1785 navigatione
480 1706 694 1779 excluderetur,
729 1707 808 1786 quod
836 1704 1058 1786 aequinoctium
1086 1706 1226 1778 suberat,

199 1791 369 1853 necessario
403 1792 561 1872 angustius
594 1791 707 1854 milites
741 1792 910 1854 conlocavit
937 1811 973 1853 ao
999 1810 1117 1852 summa
1139 1799 1227 1852 tran-

199 1877 349 1958 quillitate
377 1887 554 1950 consecuta,
589 1880 721 1941 secunda
747 1878 825 1940 inita
851 1897 917 1939 oum
941 1877 1085 1938 solvisset
1106 1877 1225 1957 vigilia,

197 1963 298 2042 prima
318 1963 384 2024 luce
406 1972 517 2025 terram
542 1963 644 2044 attigit
666 1984 830 2045 omnesque
850 1964 1015 2026 incolumes
1037 1982 1133 2024 naves
1155 1982 1227 2043 per-

153 2073 184 2110 ao
199 2048 294 2110 duxit.

157 2138 192 2189 24
266 2133 428 2195 Subductis
451 2134 581 2196 navibus
603 2133 786 2214 concilioque
809 2133 966 2195 Gallomm
990 2132 1227 2196 Samarobrivae

197 2227 335 2300 peracto,
365 2221 445 2299 quod
468 2239 503 2280 eo
527 2239 606 2280 anno
628 2221 811 2281 trumentum
839 2221 870 2282 in
894 2219 997 2282 Gallia
1018 2229 1142 2299 propter
1164 2221 1226 2282 sic-

198 2305 307 2368 citates
336 2305 494 2385 angustius
521 2314 719 2385 provenerat,
748 2316 869 2367 coactus
892 2316 941 2368 est
962 2306 1052 2367 aliter
1074 2325 1110 2367 ac
1131 2326 1226 2386 supe·

199 2390 329 2453 rioribus
364 2391 452 2452 annis
482 2391 646 2453 exercitum
673 2391 704 2453 in
732 2391 867 2453 hibernis
896 2392 1051 2453 conlocare
1074 2392 1226 2472 legiones-

153 2500 183 2539 ιι
198 2496 257 2557 que
288 2476 319 2539 in
352 2477 454 2556 plures
480 2478 620 2538 civitates
643 2477 831 2539 distribuere.
875 2478 924 2538 Ex
945 2477 1054 2559 quibus
1077 2497 1169 2539 unam
1192 2479 1226 2541 in

197 2562 334 2625 Morinos
368 2564 534 2625 ducendam
563 2563 643 2625 Gaio
664 2564 762 2626 Fabio
785 2562 885 2644 legato
909 2564 1007 2636 dedit,
1041 2564 1168 2626 alteram
1191 2564 1224 2626 in

196 2646 329 2713 Nervios
352 2646 391 2717 Q.
404 2648 557 2723 Ciceroni,
581 2650 702 2711 tertiam
726 2650 756 2711 in
779 2649 969 2711 Esuvios‘L.
981 2650 1104 2725 Roscio,
1127 2670 1224 2731 quar-

195 2742 261 2795 tam
293 2733 325 2795 in
358 2734 464 2796 Remis
498 2755 563 2797 oum
592 2736 627 2796 T.
648 2736 785 2797 Labieno
813 2736 843 2796 in
872 2735 998 2797 confinio
1022 2737 1223 2798 Treverorum

196 2818 330 2881 hiemare
352 2820 456 2894 iussit}
480 2831 543 2883 tres
566 2821 596 2882 in
619 2821 720 2902 Belgis
743 2821 925 2882 conlocavit:
952 2821 990 2882 iis
1012 2822 1056 2882 M.
1077 2821 1223 2884 Crassum

152 2928 182 2968 ac
197 2915 388 2985 quaestorem
418 2917 449 2968 et
474 2908 510 2968 L.
533 2907 706 2970 Munatium
733 2907 879 2968 Plancum
908 2917 940 2969 et
967 2907 1078 2969 Gaium
1102 2909 1223 2969 Trebo-

196 2991 277 3053 nium
306 2991 422 3072 legatos
450 2993 603 3073 praefecit.
647 2994 749 3055 Unam
772 2993 934 3073 legionem,
969 3012 1058 3073 quam
1086 2993 1224 3073 proxime

194 3086 282 3138 trans
309 3077 427 3139 Padurn
458 3079 689 3158 conscripserat,
724 3087 754 3139 et
779 3079 919 3140 cobortes
945 3095 970 3139 v
992 3080 1023 3141 in
1047 3078 1222 3154 Eburones,

196 3182 324 3243 quornm
351 3183 424 3242 pars
453 3165 586 3226 maxima
613 3173 661 3229 est
683 3165 762 3225 inter
784 3165 905 3226 Mosam
929 3184 964 3226 ac
985 3165 1141 3239 Rhenum,
1171 3165 1223 3246 qui

195 3250 251 3310 sub
273 3249 398 3328 imperio
421 3248 606 3330 Ambiorigis
623 3259 654 3312 et
669 3249 828 3312 Catuvolci
843 3259 944 3323 erant,
968 3251 1059 3311 misit.
1087 3251 1146 3312 His
1162 3251 1221 3311 mi-

150 3357 180 3395 ss
194 3334 297 3396 litibus
322 3332 359 3403 Q.
385 3335 535 3397 Titurium
559 3336 704 3398 Sabinum
728 3346 759 3397 et
779 3336 815 3396 L.
838 3335 1075 3398 Aurunculeium
1099 3336 1223 3398 Cottam

194 3419 309 3500 legatos
338 3439 480 3499 praeesse
508 3421 606 3483 iussit.
656 3422 708 3483 Ad
735 3422 815 3482 hunc
838 3423 957 3484 modum
982 3421 1151 3484 distributis
1173 3422 1221 3483 le-

194 3504 330 3584 gionibus
358 3506 498 3568 facillime
525 3507 645 3587 inopiae
666 3507 883 3568 frumentariae
906 3527 974 3569 sese
997 3509 1108 3569 mederi
1129 3527 1222 3587 posse

195 3590 389 3651 existimavit
411 3590 457 3652 At
445 3601 516 3672 tque
531 3593 639 3653 bamm
655 3600 757 3653 tamen
773 3593 905 3653 omnium
920 3593 1069 3672 legionum
1082 3594 1220 3667 hiberna,

193 3683 412 3754 praeteream,
434 3697 527 3757 quam
548 3678 585 3739 L.
601 3678 744 3738 Roscio
735 3697 766 3738 ιιι
789 3677 1017 3756 pacatissimam
1041 3688 1071 3740 et
1093 3679 1221 3760 quietis-

149 3784 179 3822 ιο
193 3759 301 3821 simam
323 3770 440 3839 partem
456 3764 621 3824 ducendam
638 3765 780 3837 dederat,
803 3763 924 3825 milibus
938 3784 1083 3843 passuum
1100 3773 1221 3826 centum

193 3845 434 3909 continebantur.
488 3849 560 3928 Ipse
586 3849 719 3921 interea,
753 3808 853 3948 qboad
884 3850 1033 3951 legiones
1046 3852 1219 3913 conlocatas

194 3929 369 4009 munitaque
388 3933 516 3995 hiberna
530 3934 735 4015 cognovisset,
759 3935 791 3996 in
806 3934 909 3998 Gallia
924 3937 1035 3999 morari
1053 3936 1218 3999 constituit
