<?xml version="1.0" encoding="UTF-8"?>
<!DOCTYPE html PUBLIC "-//W3C//DTD XHTML 1.0 Transitional//EN"
    "http://www.w3.org/TR/xhtml1/DTD/xhtml1-transitional.dtd">
<html xmlns="http://www.w3.org/1999/xhtml" xml:lang="en" lang="en">
 <head>
  <title>
</title>
<meta http-equiv="Content-Type" content="text/html;charset=utf-8" />
  <meta name='ocr-system' content='tesseract 3.04.00' />
  <meta name='ocr-capabilities' content='ocr_page ocr_carea ocr_par ocr_line ocrx_word'/>
</head>
<body>
  <div class='ocr_page' id='page_1' title='image "./debellogallicol00friggoog/debellogallicol00friggoog_0140.png"; bbox 0 0 2616 4492; ppageno 0'>
   <div class='ocr_carea' id='block_1_1' title="bbox 382 296 1094 362">
    <p class='ocr_par' dir='ltr' id='par_1_1' title="bbox 382 296 1094 362">
     <span class='ocr_line' id='line_1_1' title="bbox 382 296 1094 362; baseline 0.003 -3"><span class='ocrx_word' id='word_1_1' title='bbox 382 313 454 359; x_wconf 78' lang='lat' dir='ltr'><strong>arn.</strong></span> <span class='ocrx_word' id='word_1_2' title='bbox 468 313 530 360; x_wconf 88' lang='lat' dir='ltr'><strong>vrr.</strong></span> <span class='ocrx_word' id='word_1_3' title='bbox 553 312 630 360; x_wconf 75' lang='lat' dir='ltr'><strong>cur.</strong></span> <span class='ocrx_word' id='word_1_4' title='bbox 648 296 783 361; x_wconf 82' lang='lat'>18-21.</span> <span class='ocrx_word' id='word_1_5' title='bbox 1031 296 1094 362; x_wconf 79' lang='lat' dir='ltr'><strong>ut</strong></span> 
     </span>
    </p>
   </div>
   <div class='ocr_carea' id='block_1_2' title="bbox 64 451 1157 4064">
    <p class='ocr_par' dir='ltr' id='par_1_2' title="bbox 64 451 1157 4064">
     <span class='ocr_line' id='line_1_2' title="bbox 71 451 1093 533; baseline 0.003 -21"><span class='ocrx_word' id='word_1_6' title='bbox 71 451 197 513; x_wconf 86' lang='lat' dir='ltr'><strong>lortuitc</strong></span> <span class='ocrx_word' id='word_1_7' title='bbox 224 459 279 513; x_wconf 89' lang='lat' dir='ltr'><strong>aut</strong></span> <span class='ocrx_word' id='word_1_8' title='bbox 305 451 370 513; x_wconf 90' lang='lat' dir='ltr'><strong>sine</strong></span> <span class='ocrx_word' id='word_1_9' title='bbox 398 451 521 514; x_wconf 86' lang='lat' dir='ltr'><strong>oonsilio</strong></span> <span class='ocrx_word' id='word_1_10' title='bbox 549 453 682 515; x_wconf 89' lang='lat' dir='ltr'><strong>accidere</strong></span> <span class='ocrx_word' id='word_1_11' title='bbox 713 451 864 533; x_wconf 84' lang='lat' dir='ltr'><strong>potuisse3</strong></span> <span class='ocrx_word' id='word_1_12' title='bbox 898 470 1022 533; x_wconf 83' lang='lat' dir='ltr'><strong>ragnum</strong></span> <span class='ocrx_word' id='word_1_13' title='bbox 1052 452 1093 515; x_wconf 85' lang='lat' dir='ltr'><strong>il·</strong></span> 
     </span>
     <span class='ocr_line' id='line_1_3' title="bbox 70 536 1092 620; baseline 0.002 -21"><span class='ocrx_word' id='word_1_14' title='bbox 70 537 134 601; x_wconf 90' lang='lat' dir='ltr'><strong>lum</strong></span> <span class='ocrx_word' id='word_1_15' title='bbox 161 536 281 600; x_wconf 86' lang='lat' dir='ltr'><strong>Galliae</strong></span> <span class='ocrx_word' id='word_1_16' title='bbox 314 538 405 599; x_wconf 86' lang='lat' dir='ltr'><strong>malle</strong></span> <span class='ocrx_word' id='word_1_17' title='bbox 427 538 567 600; x_wconf 80' lang='lat' dir='ltr'><strong>Caesaris</strong></span> <span class='ocrx_word' id='word_1_18' title='bbox 590 558 733 601; x_wconf 85' lang='lat' dir='ltr'><strong>concessu</strong></span> <span class='ocrx_word' id='word_1_19' title='bbox 762 557 850 620; x_wconf 90' lang='lat' dir='ltr'><strong>quam</strong></span> <span class='ocrx_word' id='word_1_20' title='bbox 880 538 1013 618; x_wconf 87' lang='lat' dir='ltr'><strong>ipsorum</strong></span> <span class='ocrx_word' id='word_1_21' title='bbox 1033 539 1092 601; x_wconf 88' lang='lat' dir='ltr'><strong>ha-</strong></span> 
     </span>
     <span class='ocr_line' id='line_1_4' title="bbox 69 624 1091 705; baseline 0.002 -21"><span class='ocrx_word' id='word_1_22' title='bbox 69 625 143 685; x_wconf 91' lang='lat' dir='ltr'><strong>bere</strong></span> <span class='ocrx_word' id='word_1_23' title='bbox 169 624 314 685; x_wconf 84' lang='lat' dir='ltr'><strong>beneficio</strong></span> <span class='ocrx_word' id='word_1_24' title='bbox 346 658 391 671; x_wconf 93' lang='lat'><strong>-·</strong></span> <span class='ocrx_word' id='word_1_25' title='bbox 422 624 478 686; x_wconf 89' lang='lat' dir='ltr'><strong>tali</strong></span> <span class='ocrx_word' id='word_1_26' title='bbox 505 626 593 686; x_wconf 91' lang='lat' dir='ltr'><strong>modo</strong></span> <span class='ocrx_word' id='word_1_27' title='bbox 621 635 778 687; x_wconf 88' lang='lat' dir='ltr'><strong>accusatus</strong></span> <span class='ocrx_word' id='word_1_28' title='bbox 806 626 845 686; x_wconf 93' lang='lat' dir='ltr'><strong>ad</strong></span> <span class='ocrx_word' id='word_1_29' title='bbox 866 624 942 695; x_wconf 86' lang='lat' dir='ltr'><strong>haec</strong></span> <span class='ocrx_word' id='word_1_30' title='bbox 962 644 1091 705; x_wconf 91' lang='lat' dir='ltr'><strong>respon-</strong></span> 
     </span>
     <span class='ocr_line' id='line_1_5' title="bbox 69 708 1091 791; baseline 0.002 -20"><span class='ocrx_word' id='word_1_31' title='bbox 69 711 130 772; x_wconf 85' lang='lat' dir='ltr'><strong>dit:</strong></span> <span class='ocrx_word' id='word_1_32' title='bbox 155 708 245 779; x_wconf 83' lang='lat' dir='ltr'><strong>Quod</strong></span> <span class='ocrx_word' id='word_1_33' title='bbox 267 719 369 772; x_wconf 86' lang='lat' dir='ltr'><strong>rastra</strong></span> <span class='ocrx_word' id='word_1_34' title='bbox 390 711 550 784; x_wconf 88' lang='lat' dir='ltr'><strong>movisset,</strong></span> <span class='ocrx_word' id='word_1_35' title='bbox 584 714 696 773; x_wconf 86' lang='lat' dir='ltr'><strong>iactum</strong></span> <span class='ocrx_word' id='word_1_36' title='bbox 723 711 828 791; x_wconf 86' lang='lat' dir='ltr'><strong>inopia</strong></span> <span class='ocrx_word' id='word_1_37' title='bbox 853 710 971 790; x_wconf 85' lang='lat' dir='ltr'>pabuli,</span> <span class='ocrx_word' id='word_1_38' title='bbox 1000 711 1091 773; x_wconf 89' lang='lat' dir='ltr'><strong>etiam</strong></span> 
     </span>
     <span class='ocr_line' id='line_1_6' title="bbox 70 796 1118 879; baseline 0 -22"><span class='ocrx_word' id='word_1_39' title='bbox 70 796 146 876; x_wconf 88' lang='lat' dir='ltr'><strong>ipsis</strong></span> <span class='ocrx_word' id='word_1_40' title='bbox 168 797 377 870; x_wconf 81' lang='lat' dir='ltr'><strong>hortantibus3</strong></span> <span class='ocrx_word' id='word_1_41' title='bbox 400 799 480 877; x_wconf 91' lang='lat' dir='ltr'><strong>quod</strong></span> <span class='ocrx_word' id='word_1_42' title='bbox 496 798 788 879; x_wconf 90' lang='lat' dir='ltr'><strong>propiusRomanos</strong></span> <span class='ocrx_word' id='word_1_43' title='bbox 804 797 996 870; x_wconf 79' lang='lat' dir='ltr'><strong>accessisset,</strong></span> <span class='ocrx_word' id='word_1_44' title='bbox 1018 817 1118 878; x_wconf 86' lang='lat' dir='ltr'><strong>per-s</strong></span> 
     </span>
     <span class='ocr_line' id='line_1_7' title="bbox 69 882 1091 963; baseline 0.002 -20"><span class='ocrx_word' id='word_1_45' title='bbox 69 902 194 945; x_wconf 87' lang='lat' dir='ltr'><strong>suasum</strong></span> <span class='ocrx_word' id='word_1_46' title='bbox 229 882 286 944; x_wconf 88' lang='lat' dir='ltr'><strong>loci</strong></span> <span class='ocrx_word' id='word_1_47' title='bbox 319 884 556 962; x_wconf 81' lang='lat' dir='ltr'><strong>opportunitate,</strong></span> <span class='ocrx_word' id='word_1_48' title='bbox 591 884 642 963; x_wconf 82' lang='lat' dir='ltr'><strong>qui</strong></span> <span class='ocrx_word' id='word_1_49' title='bbox 669 903 702 944; x_wconf 94' lang='lat' dir='ltr'><strong>se</strong></span> <span class='ocrx_word' id='word_1_50' title='bbox 729 884 827 963; x_wconf 88' lang='lat' dir='ltr'><strong>ipsum</strong></span> <span class='ocrx_word' id='word_1_51' title='bbox 851 883 1014 945; x_wconf 87' lang='lat' dir='ltr'><strong>munitione</strong></span> <span class='ocrx_word' id='word_1_52' title='bbox 1036 885 1091 945; x_wconf 89' lang='lat' dir='ltr'><strong>de-</strong></span> 
     </span>
     <span class='ocr_line' id='line_1_8' title="bbox 67 969 1091 1050; baseline -0.001 -17"><span class='ocrx_word' id='word_1_53' title='bbox 67 969 219 1033; x_wconf 75' lang='lat' dir='ltr'><strong>fenderet:</strong></span> <span class='ocrx_word' id='word_1_54' title='bbox 244 970 375 1049; x_wconf 89' lang='lat' dir='ltr'><strong>equitum</strong></span> <span class='ocrx_word' id='word_1_55' title='bbox 397 989 468 1030; x_wconf 91' lang='lat' dir='ltr'><strong>vero</strong></span> <span class='ocrx_word' id='word_1_56' title='bbox 491 988 613 1050; x_wconf 87' lang='lat' dir='ltr'><strong>operam</strong></span> <span class='ocrx_word' id='word_1_57' title='bbox 635 989 731 1050; x_wconf 86' lang='lat' dir='ltr'><strong>neque</strong></span> <span class='ocrx_word' id='word_1_58' title='bbox 752 970 783 1032; x_wconf 91' lang='lat' dir='ltr'><strong>in</strong></span> <span class='ocrx_word' id='word_1_59' title='bbox 806 969 870 1032; x_wconf 90' lang='lat' dir='ltr'><strong>loco</strong></span> <span class='ocrx_word' id='word_1_60' title='bbox 892 969 1021 1049; x_wconf 83' lang='lat' dir='ltr'><strong>palustri</strong></span> <span class='ocrx_word' id='word_1_61' title='bbox 1036 971 1091 1032; x_wconf 91' lang='lat' dir='ltr'><strong>de-</strong></span> 
     </span>
     <span class='ocr_line' id='line_1_9' title="bbox 68 1055 1089 1136; baseline 0.003 -20"><span class='ocrx_word' id='word_1_62' title='bbox 68 1055 199 1120; x_wconf 88' lang='lat' dir='ltr'><strong>siderari</strong></span> <span class='ocrx_word' id='word_1_63' title='bbox 221 1056 361 1117; x_wconf 85' lang='lat' dir='ltr'><strong>debuisse</strong></span> <span class='ocrx_word' id='word_1_64' title='bbox 384 1064 415 1117; x_wconf 93' lang='lat' dir='ltr'><strong>et</strong></span> <span class='ocrx_word' id='word_1_65' title='bbox 435 1056 496 1117; x_wconf 91' lang='lat' dir='ltr'><strong>illic</strong></span> <span class='ocrx_word' id='word_1_66' title='bbox 516 1057 611 1118; x_wconf 85' lang='lat' dir='ltr'><strong>fuisse</strong></span> <span class='ocrx_word' id='word_1_67' title='bbox 632 1055 752 1129; x_wconf 91' lang='lat' dir='ltr'><strong>utilem,</strong></span> <span class='ocrx_word' id='word_1_68' title='bbox 786 1075 845 1136; x_wconf 92' lang='lat' dir='ltr'><strong>quo</strong></span> <span class='ocrx_word' id='word_1_69' title='bbox 857 1118 859 1123; x_wconf 71' lang='grc'>,</span> <span class='ocrx_word' id='word_1_70' title='bbox 873 1056 935 1120; x_wconf 89' lang='lat' dir='ltr'><strong>sint</strong></span> <span class='ocrx_word' id='word_1_71' title='bbox 947 1057 1089 1136; x_wconf 77' lang='lat' dir='ltr'><strong>&#39;profecti</strong></span> 
     </span>
     <span class='ocr_line' id='line_1_10' title="bbox 68 1141 1090 1222; baseline 0.001 -18"><span class='ocrx_word' id='word_1_72' title='bbox 68 1141 226 1204; x_wconf 88' lang='lat' dir='ltr'><strong>Summam</strong></span> <span class='ocrx_word' id='word_1_73' title='bbox 253 1142 370 1222; x_wconf 88' lang='lat' dir='ltr'><strong>imperii</strong></span> <span class='ocrx_word' id='word_1_74' title='bbox 397 1161 430 1203; x_wconf 88' lang='lat' dir='ltr'><strong>se</strong></span> <span class='ocrx_word' id='word_1_75' title='bbox 458 1142 595 1204; x_wconf 90' lang='lat' dir='ltr'><strong>consulto</strong></span> <span class='ocrx_word' id='word_1_76' title='bbox 623 1141 697 1206; x_wconf 92' lang='lat' dir='ltr'><strong>nulli</strong></span> <span class='ocrx_word' id='word_1_77' title='bbox 720 1143 922 1205; x_wconf 87' lang='lat' dir='ltr'><strong>discedentem</strong></span> <span class='ocrx_word' id='word_1_78' title='bbox 944 1142 1090 1210; x_wconf 85' lang='lat' dir='ltr'><strong>tradidis-</strong></span> 
     </span>
     <span class='ocr_line' id='line_1_11' title="bbox 68 1228 1133 1307; baseline 0.005 -19"><span class='ocrx_word' id='word_1_79' title='bbox 68 1247 119 1302; x_wconf 87' lang='lat' dir='ltr'><strong>se,</strong></span> <span class='ocrx_word' id='word_1_80' title='bbox 153 1247 192 1288; x_wconf 89' lang='lat' dir='ltr'><strong>ne</strong></span> <span class='ocrx_word' id='word_1_81' title='bbox 219 1228 245 1288; x_wconf 91' lang='lat' dir='ltr'><strong>is</strong></span> <span class='ocrx_word' id='word_1_82' title='bbox 273 1228 474 1290; x_wconf 89' lang='lat' dir='ltr'><strong>multitudinis</strong></span> <span class='ocrx_word' id='word_1_83' title='bbox 503 1229 602 1293; x_wconf 88' lang='lat' dir='ltr'><strong>studio</strong></span> <span class='ocrx_word' id='word_1_84' title='bbox 631 1231 669 1290; x_wconf 90' lang='lat' dir='ltr'><strong>ad</strong></span> <span class='ocrx_word' id='word_1_85' title='bbox 694 1229 896 1290; x_wconf 87' lang='lat' dir='ltr'><strong>dimicandum</strong></span> <span class='ocrx_word' id='word_1_86' title='bbox 918 1228 1089 1307; x_wconf 89' lang='lat' dir='ltr'><strong>impellere·</strong></span> <span class='ocrx_word' id='word_1_87' title='bbox 1109 1254 1133 1293; x_wconf 82' lang='lat' dir='ltr'><strong>ro</strong></span> 
     </span>
     <span class='ocr_line' id='line_1_12' title="bbox 68 1314 1089 1394; baseline 0.002 -20"><span class='ocrx_word' id='word_1_88' title='bbox 68 1323 133 1387; x_wconf 90' lang='lat' dir='ltr'><strong>tur;</strong></span> <span class='ocrx_word' id='word_1_89' title='bbox 167 1314 214 1375; x_wconf 93' lang='lat' dir='ltr'><strong>cui</strong></span> <span class='ocrx_word' id='word_1_90' title='bbox 241 1315 285 1375; x_wconf 90' lang='lat' dir='ltr'><strong>rei</strong></span> <span class='ocrx_word' id='word_1_91' title='bbox 311 1324 437 1394; x_wconf 89' lang='lat' dir='ltr'><strong>propter</strong></span> <span class='ocrx_word' id='word_1_92' title='bbox 462 1315 555 1377; x_wconf 90' lang='lat' dir='ltr'><strong>animi</strong></span> <span class='ocrx_word' id='word_1_93' title='bbox 581 1315 737 1376; x_wconf 87' lang='lat' dir='ltr'><strong>mollitiem</strong></span> <span class='ocrx_word' id='word_1_94' title='bbox 765 1316 887 1377; x_wconf 89' lang='lat' dir='ltr'><strong>studere</strong></span> <span class='ocrx_word' id='word_1_95' title='bbox 915 1333 1018 1376; x_wconf 90' lang='lat' dir='ltr'><strong>omnes</strong></span> <span class='ocrx_word' id='word_1_96' title='bbox 1040 1316 1089 1376; x_wconf 87' lang='lat' dir='ltr'><strong>vi-</strong></span> 
     </span>
     <span class='ocr_line' id='line_1_13' title="bbox 69 1400 1089 1481; baseline 0.002 -21"><span class='ocrx_word' id='word_1_97' title='bbox 69 1401 169 1473; x_wconf 90' lang='lat' dir='ltr'><strong>deret,</strong></span> <span class='ocrx_word' id='word_1_98' title='bbox 204 1402 284 1479; x_wconf 92' lang='lat' dir='ltr'><strong>quod</strong></span> <span class='ocrx_word' id='word_1_99' title='bbox 311 1401 424 1461; x_wconf 91' lang='lat' dir='ltr'><strong>diutius</strong></span> <span class='ocrx_word' id='word_1_100' title='bbox 446 1400 580 1462; x_wconf 87' lang='lat' dir='ltr'><strong>laborem</strong></span> <span class='ocrx_word' id='word_1_101' title='bbox 602 1402 677 1462; x_wconf 79' lang='lat' dir='ltr'><strong>ferre</strong></span> <span class='ocrx_word' id='word_1_102' title='bbox 699 1421 759 1463; x_wconf 91' lang='lat' dir='ltr'><strong>non</strong></span> <span class='ocrx_word' id='word_1_103' title='bbox 782 1409 915 1481; x_wconf 88' lang='lat' dir='ltr'><strong>possent.</strong></span> <span class='ocrx_word' id='word_1_104' title='bbox 959 1400 1089 1462; x_wconf 83' lang='lat' dir='ltr'><strong>Romani</strong></span> 
     </span>
     <span class='ocr_line' id='line_1_14' title="bbox 69 1485 1089 1562; baseline 0.001 -15"><span class='ocrx_word' id='word_1_105' title='bbox 69 1485 96 1547; x_wconf 91' lang='lat' dir='ltr'><strong>si</strong></span> <span class='ocrx_word' id='word_1_106' title='bbox 130 1505 202 1547; x_wconf 89' lang='lat' dir='ltr'><strong>casu</strong></span> <span class='ocrx_word' id='word_1_107' title='bbox 234 1487 468 1561; x_wconf 81' lang='lat' dir='ltr'><strong>intervenerint,</strong></span> <span class='ocrx_word' id='word_1_108' title='bbox 501 1489 655 1562; x_wconf 88' lang='lat' dir='ltr'><strong>fortunae,</strong></span> <span class='ocrx_word' id='word_1_109' title='bbox 690 1488 716 1549; x_wconf 92' lang='lat' dir='ltr'><strong>si</strong></span> <span class='ocrx_word' id='word_1_110' title='bbox 744 1487 868 1549; x_wconf 87' lang='lat' dir='ltr'><strong>alicuius</strong></span> <span class='ocrx_word' id='word_1_111' title='bbox 896 1486 1004 1550; x_wconf 88' lang='lat' dir='ltr'><strong>indicio</strong></span> <span class='ocrx_word' id='word_1_112' title='bbox 1032 1505 1089 1548; x_wconf 87' lang='lat' dir='ltr'><strong>vo·</strong></span> 
     </span>
     <span class='ocr_line' id='line_1_15' title="bbox 66 1572 1088 1653; baseline 0 -19"><span class='ocrx_word' id='word_1_113' title='bbox 66 1572 145 1646; x_wconf 85' lang='lat' dir='ltr'><strong>cati,</strong></span> <span class='ocrx_word' id='word_1_114' title='bbox 173 1572 244 1634; x_wconf 90' lang='lat' dir='ltr'><strong>hoio</strong></span> <span class='ocrx_word' id='word_1_115' title='bbox 265 1573 434 1634; x_wconf 87' lang='lat' dir='ltr'><strong>habendam</strong></span> <span class='ocrx_word' id='word_1_116' title='bbox 457 1573 600 1652; x_wconf 83' lang='lat' dir='ltr'><strong>gratiam,</strong></span> <span class='ocrx_word' id='word_1_117' title='bbox 629 1575 709 1653; x_wconf 92' lang='lat' dir='ltr'><strong>quod</strong></span> <span class='ocrx_word' id='word_1_118' title='bbox 731 1585 761 1634; x_wconf 92' lang='lat' dir='ltr'><strong>et</strong></span> <span class='ocrx_word' id='word_1_119' title='bbox 782 1573 964 1653; x_wconf 87' lang='lat' dir='ltr'><strong>paucitatem</strong></span> <span class='ocrx_word' id='word_1_120' title='bbox 988 1591 1088 1634; x_wconf 90' lang='lat' dir='ltr'><strong>eorum</strong></span> 
     </span>
     <span class='ocr_line' id='line_1_16' title="bbox 68 1657 1132 1738; baseline 0.005 -19"><span class='ocrx_word' id='word_1_121' title='bbox 68 1677 108 1719; x_wconf 86' lang='lat' dir='ltr'><strong>ex</strong></span> <span class='ocrx_word' id='word_1_122' title='bbox 129 1657 194 1719; x_wconf 89' lang='lat' dir='ltr'><strong>loco</strong></span> <span class='ocrx_word' id='word_1_123' title='bbox 217 1658 371 1738; x_wconf 89' lang='lat' dir='ltr'><strong>superiore</strong></span> <span class='ocrx_word' id='word_1_124' title='bbox 394 1677 571 1737; x_wconf 87' lang='lat' dir='ltr'><strong>cognoscere</strong></span> <span class='ocrx_word' id='word_1_125' title='bbox 594 1667 625 1719; x_wconf 92' lang='lat' dir='ltr'><strong>et</strong></span> <span class='ocrx_word' id='word_1_126' title='bbox 646 1659 790 1720; x_wconf 84' lang='lat' dir='ltr'><strong>virtutem</strong></span> <span class='ocrx_word' id='word_1_127' title='bbox 813 1658 964 1738; x_wconf 89' lang='lat' dir='ltr'><strong>despicere</strong></span> <span class='ocrx_word' id='word_1_128' title='bbox 979 1666 1089 1738; x_wconf 88' lang='lat' dir='ltr'><strong>potue·</strong></span> <span class='ocrx_word' id='word_1_129' title='bbox 1107 1684 1132 1724; x_wconf 83' lang='grc' dir='ltr'><strong>ιι</strong></span> 
     </span>
     <span class='ocr_line' id='line_1_17' title="bbox 67 1738 1088 1824; baseline 0.001 -19"><span class='ocrx_word' id='word_1_130' title='bbox 67 1744 145 1817; x_wconf 87' lang='lat' dir='ltr'><strong>rint,</strong></span> <span class='ocrx_word' id='word_1_131' title='bbox 179 1743 231 1824; x_wconf 92' lang='lat' dir='ltr'><strong>qui</strong></span> <span class='ocrx_word' id='word_1_132' title='bbox 258 1744 401 1805; x_wconf 90' lang='lat' dir='ltr'><strong>dimicare</strong></span> <span class='ocrx_word' id='word_1_133' title='bbox 427 1763 488 1805; x_wconf 91' lang='lat' dir='ltr'><strong>non</strong></span> <span class='ocrx_word' id='word_1_134' title='bbox 515 1744 582 1806; x_wconf 91' lang='lat' dir='ltr'><strong>ausi</strong></span> <span class='ocrx_word' id='word_1_135' title='bbox 609 1738 736 1824; x_wconf 85' lang='lat' dir='ltr'><strong>turpiter</strong></span> <span class='ocrx_word' id='word_1_136' title='bbox 762 1763 795 1805; x_wconf 91' lang='lat' dir='ltr'><strong>se</strong></span> <span class='ocrx_word' id='word_1_137' title='bbox 823 1745 853 1805; x_wconf 91' lang='lat' dir='ltr'><strong>in</strong></span> <span class='ocrx_word' id='word_1_138' title='bbox 883 1752 983 1805; x_wconf 89' lang='lat' dir='ltr'><strong>castra</strong></span> <span class='ocrx_word' id='word_1_139' title='bbox 1003 1763 1088 1806; x_wconf 89' lang='lat' dir='ltr'><strong>rece-</strong></span> 
     </span>
     <span class='ocr_line' id='line_1_18' title="bbox 66 1829 1088 1910; baseline 0.002 -20"><span class='ocrx_word' id='word_1_140' title='bbox 66 1830 175 1910; x_wconf 90' lang='lat' dir='ltr'><strong>perint.</strong></span> <span class='ocrx_word' id='word_1_141' title='bbox 219 1830 379 1909; x_wconf 90' lang='lat' dir='ltr'><strong>Imperium</strong></span> <span class='ocrx_word' id='word_1_142' title='bbox 404 1849 436 1890; x_wconf 92' lang='lat' dir='ltr'><strong>se</strong></span> <span class='ocrx_word' id='word_1_143' title='bbox 459 1830 497 1890; x_wconf 93' lang='lat' dir='ltr'><strong>ab</strong></span> <span class='ocrx_word' id='word_1_144' title='bbox 520 1830 651 1891; x_wconf 83' lang='lat' dir='ltr'><strong>Caesare</strong></span> <span class='ocrx_word' id='word_1_145' title='bbox 678 1850 732 1910; x_wconf 93' lang='lat' dir='ltr'><strong>per</strong></span> <span class='ocrx_word' id='word_1_146' title='bbox 753 1830 952 1910; x_wconf 89' lang='lat' dir='ltr'><strong>proditionem</strong></span> <span class='ocrx_word' id='word_1_147' title='bbox 974 1829 1088 1892; x_wconf 91' lang='lat' dir='ltr'><strong>nullum</strong></span> 
     </span>
     <span class='ocr_line' id='line_1_19' title="bbox 67 1915 1090 1997; baseline 0.001 -21"><span class='ocrx_word' id='word_1_148' title='bbox 67 1915 258 1988; x_wconf 85' lang='lat' dir='ltr'><strong>desiderare,</strong></span> <span class='ocrx_word' id='word_1_149' title='bbox 291 1917 370 1995; x_wconf 88' lang='lat' dir='ltr'><strong>quod</strong></span> <span class='ocrx_word' id='word_1_150' title='bbox 392 1916 504 1977; x_wconf 90' lang='lat' dir='ltr'><strong>habere</strong></span> <span class='ocrx_word' id='word_1_151' title='bbox 525 1916 652 1978; x_wconf 88' lang='lat' dir='ltr'><strong>victoria</strong></span> <span class='ocrx_word' id='word_1_152' title='bbox 673 1925 793 1997; x_wconf 87' lang='lat' dir='ltr'><strong>posset,</strong></span> <span class='ocrx_word' id='word_1_153' title='bbox 822 1935 898 1997; x_wconf 90' lang='lat' dir='ltr'><strong>qnae</strong></span> <span class='ocrx_word' id='word_1_154' title='bbox 924 1916 985 1978; x_wconf 89' lang='lat' dir='ltr'><strong>ianr</strong></span> <span class='ocrx_word' id='word_1_155' title='bbox 1008 1924 1090 1978; x_wconf 86' lang='lat' dir='ltr'><strong>asset</strong></span> 
     </span>
     <span class='ocr_line' id='line_1_20' title="bbox 68 2001 1088 2083; baseline 0 -19"><span class='ocrx_word' id='word_1_156' title='bbox 68 2002 127 2064; x_wconf 90' lang='lat' dir='ltr'><strong>sibi</strong></span> <span class='ocrx_word' id='word_1_157' title='bbox 150 2011 241 2081; x_wconf 91' lang='lat' dir='ltr'><strong>atque</strong></span> <span class='ocrx_word' id='word_1_158' title='bbox 263 2002 400 2064; x_wconf 87' lang='lat' dir='ltr'><strong>omnibus</strong></span> <span class='ocrx_word' id='word_1_159' title='bbox 424 2001 521 2063; x_wconf 87' lang='lat' dir='ltr'><strong>Gallis</strong></span> <span class='ocrx_word' id='word_1_160' title='bbox 545 2001 717 2082; x_wconf 85' lang='lat' dir='ltr'><strong>explorata;</strong></span> <span class='ocrx_word' id='word_1_161' title='bbox 741 2003 813 2083; x_wconf 86' lang='lat' dir='ltr'><strong>quin</strong></span> <span class='ocrx_word' id='word_1_162' title='bbox 834 2002 926 2067; x_wconf 89' lang='lat' dir='ltr'><strong>etiam</strong></span> <span class='ocrx_word' id='word_1_163' title='bbox 947 2002 1023 2083; x_wconf 88' lang='lat' dir='ltr'><strong>ipsis</strong></span> <span class='ocrx_word' id='word_1_164' title='bbox 1037 2021 1088 2064; x_wconf 89' lang='lat' dir='ltr'><strong>re·</strong></span> 
     </span>
     <span class='ocr_line' id='line_1_21' title="bbox 68 2088 1131 2169; baseline 0.005 -20"><span class='ocrx_word' id='word_1_165' title='bbox 68 2089 206 2160; x_wconf 89' lang='lat' dir='ltr'><strong>mittere,</strong></span> <span class='ocrx_word' id='word_1_166' title='bbox 234 2088 260 2150; x_wconf 92' lang='lat' dir='ltr'><strong>si</strong></span> <span class='ocrx_word' id='word_1_167' title='bbox 287 2088 344 2150; x_wconf 90' lang='lat' dir='ltr'><strong>sibi</strong></span> <span class='ocrx_word' id='word_1_168' title='bbox 366 2088 462 2168; x_wconf 89' lang='lat' dir='ltr'><strong>magis</strong></span> <span class='ocrx_word' id='word_1_169' title='bbox 484 2089 629 2151; x_wconf 87' lang='lat' dir='ltr'><strong>honorem</strong></span> <span class='ocrx_word' id='word_1_170' title='bbox 650 2090 780 2154; x_wconf 90' lang='lat' dir='ltr'><strong>tribuere</strong></span> <span class='ocrx_word' id='word_1_171' title='bbox 803 2108 893 2169; x_wconf 88' lang='lat' dir='ltr'><strong>quam</strong></span> <span class='ocrx_word' id='word_1_172' title='bbox 916 2090 955 2152; x_wconf 93' lang='lat' dir='ltr'><strong>ab</strong></span> <span class='ocrx_word' id='word_1_173' title='bbox 977 2108 1011 2150; x_wconf 92' lang='lat' dir='ltr'><strong>se</strong></span> <span class='ocrx_word' id='word_1_174' title='bbox 1033 2109 1086 2150; x_wconf 88' lang='lat' dir='ltr'><strong>sa·</strong></span> <span class='ocrx_word' id='word_1_175' title='bbox 1103 2114 1131 2154; x_wconf 78' lang='lat' dir='ltr'><strong>so</strong></span> 
     </span>
     <span class='ocr_line' id='line_1_22' title="bbox 67 2175 1088 2256; baseline 0.001 -21"><span class='ocrx_word' id='word_1_176' title='bbox 67 2175 162 2236; x_wconf 92' lang='lat' dir='ltr'><strong>lutem</strong></span> <span class='ocrx_word' id='word_1_177' title='bbox 195 2175 329 2255; x_wconf 88' lang='lat' dir='ltr'><strong>accipere</strong></span> <span class='ocrx_word' id='word_1_178' title='bbox 361 2175 531 2249; x_wconf 87' lang='lat' dir='ltr'><strong>videantur.</strong></span> <span class='ocrx_word' id='word_1_179' title='bbox 579 2176 670 2238; x_wconf 80' lang='lat' dir='ltr'><strong>Haeo</strong></span> <span class='ocrx_word' id='word_1_180' title='bbox 687 2185 721 2236; x_wconf 94' lang='lat' dir='ltr'><strong>ut</strong></span> <span class='ocrx_word' id='word_1_181' title='bbox 742 2175 940 2256; x_wconf 82' lang='lat' dir='ltr'><strong>intellegatis,</strong></span> <span class='ocrx_word' id='word_1_182' title='bbox 973 2175 1088 2256; x_wconf 92' lang='lat' dir='ltr'><strong>inquit,</strong></span> 
     </span>
     <span class='ocr_line' id='line_1_23' title="bbox 67 2260 1157 2342; baseline 0.005 -20"><span class='ocrx_word' id='word_1_183' title='bbox 67 2281 88 2322; x_wconf 94' lang='lat' dir='ltr'><strong>a</strong></span> <span class='ocrx_word' id='word_1_184' title='bbox 108 2281 157 2322; x_wconf 87' lang='lat' dir='ltr'><strong>me</strong></span> <span class='ocrx_word' id='word_1_185' title='bbox 179 2261 293 2323; x_wconf 88' lang='lat' dir='ltr'><strong>sincere</strong></span> <span class='ocrx_word' id='word_1_186' title='bbox 314 2261 518 2342; x_wconf 88' lang='lat' dir='ltr'><strong>pronuntiari,</strong></span> <span class='ocrx_word' id='word_1_187' title='bbox 542 2262 644 2324; x_wconf 93' lang='lat' dir='ltr'><strong>audite</strong></span> <span class='ocrx_word' id='word_1_188' title='bbox 665 2262 820 2324; x_wconf 89' lang='lat' dir='ltr'><strong>Romanos</strong></span> <span class='ocrx_word' id='word_1_189' title='bbox 843 2261 961 2323; x_wconf 88' lang='lat' dir='ltr'><strong>milites.</strong></span> <span class='ocrx_word' id='word_1_190' title='bbox 1005 2260 1086 2323; x_wconf 90' lang='lat' dir='ltr'><strong>Pro·</strong></span> <span class='ocrx_word' id='word_1_191' title='bbox 1156 2324 1157 2327; x_wconf 74' lang='grc'>,</span> 
     </span>
     <span class='ocr_line' id='line_1_24' title="bbox 67 2348 1086 2429; baseline -0.001 -20"><span class='ocrx_word' id='word_1_192' title='bbox 67 2348 150 2409; x_wconf 87' lang='lat' dir='ltr'><strong>ducit</strong></span> <span class='ocrx_word' id='word_1_193' title='bbox 171 2367 291 2422; x_wconf 88' lang='lat' dir='ltr'><strong>servos,</strong></span> <span class='ocrx_word' id='word_1_194' title='bbox 315 2368 391 2429; x_wconf 91' lang='lat' dir='ltr'><strong>quos</strong></span> <span class='ocrx_word' id='word_1_195' title='bbox 413 2349 445 2410; x_wconf 91' lang='lat' dir='ltr'><strong>in</strong></span> <span class='ocrx_word' id='word_1_196' title='bbox 466 2348 660 2428; x_wconf 90' lang='lat' dir='ltr'><strong>pabulatione</strong></span> <span class='ocrx_word' id='word_1_197' title='bbox 681 2349 787 2429; x_wconf 86' lang='lat' dir='ltr'><strong>paucis</strong></span> <span class='ocrx_word' id='word_1_198' title='bbox 810 2356 881 2410; x_wconf 91' lang='lat' dir='ltr'><strong>ante</strong></span> <span class='ocrx_word' id='word_1_199' title='bbox 904 2348 1009 2410; x_wconf 91' lang='lat' dir='ltr'><strong>diebus</strong></span> <span class='ocrx_word' id='word_1_200' title='bbox 1032 2366 1086 2408; x_wconf 90' lang='lat' dir='ltr'><strong>ex-</strong></span> 
     </span>
     <span class='ocr_line' id='line_1_25' title="bbox 66 2434 1087 2515; baseline 0 -21"><span class='ocrx_word' id='word_1_201' title='bbox 66 2443 187 2513; x_wconf 90' lang='lat' dir='ltr'><strong>ceperat</strong></span> <span class='ocrx_word' id='word_1_202' title='bbox 220 2444 251 2496; x_wconf 87' lang='lat' dir='ltr'><strong>et</strong></span> <span class='ocrx_word' id='word_1_203' title='bbox 276 2436 356 2496; x_wconf 85' lang='lat' dir='ltr'><strong>fame</strong></span> <span class='ocrx_word' id='word_1_204' title='bbox 383 2435 570 2515; x_wconf 84' lang='lat' dir='ltr'><strong>vinculisque</strong></span> <span class='ocrx_word' id='word_1_205' title='bbox 593 2436 826 2497; x_wconf 86' lang='lat' dir='ltr'><strong>excmciaverat.</strong></span> <span class='ocrx_word' id='word_1_206' title='bbox 870 2435 912 2499; x_wconf 89' lang='lat' dir='ltr'><strong>Hi</strong></span> <span class='ocrx_word' id='word_1_207' title='bbox 932 2434 993 2496; x_wconf 90' lang='lat' dir='ltr'><strong>iarn</strong></span> <span class='ocrx_word' id='word_1_208' title='bbox 1015 2442 1087 2495; x_wconf 88' lang='lat' dir='ltr'><strong>ante</strong></span> 
     </span>
     <span class='ocr_line' id='line_1_26' title="bbox 66 2519 1131 2601; baseline 0.005 -20"><span class='ocrx_word' id='word_1_209' title='bbox 66 2520 179 2594; x_wconf 87' lang='lat' dir='ltr'><strong>edocti,</strong></span> <span class='ocrx_word' id='word_1_210' title='bbox 203 2540 280 2601; x_wconf 90' lang='lat' dir='ltr'><strong>qnae</strong></span> <span class='ocrx_word' id='word_1_211' title='bbox 301 2521 477 2601; x_wconf 82' lang='lat' dir='ltr'><strong>interrogati</strong></span> <span class='ocrx_word' id='word_1_212' title='bbox 497 2522 743 2600; x_wconf 89' lang='lat' dir='ltr'><strong>pronuntiarent,</strong></span> <span class='ocrx_word' id='word_1_213' title='bbox 765 2521 874 2583; x_wconf 90' lang='lat' dir='ltr'><strong>milites</strong></span> <span class='ocrx_word' id='word_1_214' title='bbox 898 2541 930 2582; x_wconf 87' lang='lat' dir='ltr'><strong>se</strong></span> <span class='ocrx_word' id='word_1_215' title='bbox 953 2539 1018 2582; x_wconf 90' lang='lat' dir='ltr'><strong>esse</strong></span> <span class='ocrx_word' id='word_1_216' title='bbox 1040 2519 1086 2582; x_wconf 89' lang='lat' dir='ltr'><strong>le·</strong></span> <span class='ocrx_word' id='word_1_217' title='bbox 1101 2546 1131 2586; x_wconf 79' lang='lat' dir='ltr'><strong>na</strong></span> 
     </span>
     <span class='ocr_line' id='line_1_27' title="bbox 66 2606 1085 2687; baseline 0 -19"><span class='ocrx_word' id='word_1_218' title='bbox 66 2607 218 2685; x_wconf 85' lang='lat' dir='ltr'><strong>gionarios</strong></span> <span class='ocrx_word' id='word_1_219' title='bbox 241 2608 358 2681; x_wconf 82' lang='lat' dir='ltr'><strong>dicunt3</strong></span> <span class='ocrx_word' id='word_1_220' title='bbox 380 2609 461 2669; x_wconf 85' lang='lat' dir='ltr'><strong>fame</strong></span> <span class='ocrx_word' id='word_1_221' title='bbox 484 2617 515 2667; x_wconf 89' lang='lat' dir='ltr'><strong>et</strong></span> <span class='ocrx_word' id='word_1_222' title='bbox 535 2608 638 2687; x_wconf 90' lang='lat' dir='ltr'><strong>inopia</strong></span> <span class='ocrx_word' id='word_1_223' title='bbox 660 2609 805 2669; x_wconf 89' lang='lat' dir='ltr'><strong>adductos</strong></span> <span class='ocrx_word' id='word_1_224' title='bbox 828 2607 905 2669; x_wconf 90' lang='lat' dir='ltr'><strong>clam</strong></span> <span class='ocrx_word' id='word_1_225' title='bbox 925 2625 963 2667; x_wconf 83' lang='lat' dir='ltr'><strong>ex</strong></span> <span class='ocrx_word' id='word_1_226' title='bbox 976 2606 1085 2668; x_wconf 88' lang='lat' dir='ltr'><strong>castris</strong></span> 
     </span>
     <span class='ocr_line' id='line_1_28' title="bbox 66 2692 1085 2773; baseline 0.001 -20"><span class='ocrx_word' id='word_1_227' title='bbox 66 2693 181 2764; x_wconf 87' lang='lat' dir='ltr'><strong>exisse,</strong></span> <span class='ocrx_word' id='word_1_228' title='bbox 205 2692 231 2752; x_wconf 91' lang='lat' dir='ltr'><strong>si</strong></span> <span class='ocrx_word' id='word_1_229' title='bbox 253 2694 323 2771; x_wconf 91' lang='lat' dir='ltr'><strong>quid</strong></span> <span class='ocrx_word' id='word_1_230' title='bbox 344 2693 487 2756; x_wconf 88' lang='lat' dir='ltr'><strong>frumenti</strong></span> <span class='ocrx_word' id='word_1_231' title='bbox 510 2702 563 2755; x_wconf 92' lang='lat' dir='ltr'><strong>aut</strong></span> <span class='ocrx_word' id='word_1_232' title='bbox 584 2694 699 2773; x_wconf 91' lang='lat' dir='ltr'><strong>pecoris</strong></span> <span class='ocrx_word' id='word_1_233' title='bbox 721 2694 755 2755; x_wconf 87' lang='lat' dir='ltr'><strong>in</strong></span> <span class='ocrx_word' id='word_1_234' title='bbox 774 2693 852 2772; x_wconf 85' lang='lat' dir='ltr'><strong>agris</strong></span> <span class='ocrx_word' id='word_1_235' title='bbox 868 2693 998 2773; x_wconf 89' lang='lat' dir='ltr'><strong>reperire</strong></span> <span class='ocrx_word' id='word_1_236' title='bbox 1011 2712 1085 2773; x_wconf 91' lang='lat' dir='ltr'><strong>pos-</strong></span> 
     </span>
     <span class='ocr_line' id='line_1_29' title="bbox 67 2777 1085 2859; baseline 0.001 -20"><span class='ocrx_word' id='word_1_237' title='bbox 67 2787 151 2849; x_wconf 90' lang='lat' dir='ltr'><strong>sent;</strong></span> <span class='ocrx_word' id='word_1_238' title='bbox 175 2777 265 2838; x_wconf 90' lang='lat' dir='ltr'><strong>simili</strong></span> <span class='ocrx_word' id='word_1_239' title='bbox 288 2797 405 2839; x_wconf 88' lang='lat' dir='ltr'><strong>omnem</strong></span> <span class='ocrx_word' id='word_1_240' title='bbox 428 2779 591 2840; x_wconf 87' lang='lat' dir='ltr'><strong>exercitum</strong></span> <span class='ocrx_word' id='word_1_241' title='bbox 614 2780 716 2859; x_wconf 89' lang='lat' dir='ltr'><strong>inopia</strong></span> <span class='ocrx_word' id='word_1_242' title='bbox 737 2780 833 2859; x_wconf 91' lang='lat' dir='ltr'><strong>premi</strong></span> <span class='ocrx_word' id='word_1_243' title='bbox 855 2799 909 2840; x_wconf 91' lang='lat' dir='ltr'><strong>nec</strong></span> <span class='ocrx_word' id='word_1_244' title='bbox 930 2779 991 2840; x_wconf 88' lang='lat' dir='ltr'><strong>iam</strong></span> <span class='ocrx_word' id='word_1_245' title='bbox 1006 2779 1085 2840; x_wconf 84' lang='lat' dir='ltr'><strong>vires</strong></span> 
     </span>
     <span class='ocr_line' id='line_1_30' title="bbox 67 2862 1085 2945; baseline 0.002 -21"><span class='ocrx_word' id='word_1_246' title='bbox 67 2864 203 2924; x_wconf 86' lang='lat' dir='ltr'><strong>sufficere</strong></span> <span class='ocrx_word' id='word_1_247' title='bbox 231 2862 405 2942; x_wconf 84' lang='lat' dir='ltr'><strong>cuiusquam</strong></span> <span class='ocrx_word' id='word_1_248' title='bbox 428 2883 485 2925; x_wconf 89' lang='lat' dir='ltr'><strong>neo</strong></span> <span class='ocrx_word' id='word_1_249' title='bbox 504 2866 582 2930; x_wconf 88' lang='lat' dir='ltr'><strong>ferre</strong></span> <span class='ocrx_word' id='word_1_250' title='bbox 605 2866 704 2945; x_wconf 89' lang='lat' dir='ltr'><strong>operis</strong></span> <span class='ocrx_word' id='word_1_251' title='bbox 727 2865 862 2936; x_wconf 81' lang='lat' dir='ltr'><strong>laborem</strong></span> <span class='ocrx_word' id='word_1_252' title='bbox 883 2883 989 2944; x_wconf 82' lang='lat' dir='ltr'><strong>posse3</strong></span> <span class='ocrx_word' id='word_1_253' title='bbox 1022 2865 1085 2926; x_wconf 89' lang='lat' dir='ltr'><strong>ita-</strong></span> 
     </span>
     <span class='ocr_line' id='line_1_31' title="bbox 67 2949 1129 3031; baseline 0.005 -21"><span class='ocrx_word' id='word_1_254' title='bbox 67 2968 125 3028; x_wconf 89' lang='lat' dir='ltr'><strong>que</strong></span> <span class='ocrx_word' id='word_1_255' title='bbox 148 2949 291 3009; x_wconf 85' lang='lat' dir='ltr'><strong>statuisse</strong></span> <span class='ocrx_word' id='word_1_256' title='bbox 313 2949 540 3028; x_wconf 82' lang='lat' dir='ltr'><strong>imperatorem,</strong></span> <span class='ocrx_word' id='word_1_257' title='bbox 574 2951 601 3012; x_wconf 89' lang='lat' dir='ltr'><strong>si</strong></span> <span class='ocrx_word' id='word_1_258' title='bbox 628 2951 701 3015; x_wconf 89' lang='lat' dir='ltr'><strong>nihil</strong></span> <span class='ocrx_word' id='word_1_259' title='bbox 728 2952 760 3012; x_wconf 90' lang='lat' dir='ltr'><strong>in</strong></span> <span class='ocrx_word' id='word_1_260' title='bbox 783 2950 1005 3031; x_wconf 85' lang='lat' dir='ltr'><strong>oppugnatione</strong></span> <span class='ocrx_word' id='word_1_261' title='bbox 1028 2969 1085 3030; x_wconf 93' lang='lat' dir='ltr'><strong>op·</strong></span> <span class='ocrx_word' id='word_1_262' title='bbox 1101 2976 1129 3015; x_wconf 85' lang='lat' dir='ltr'><strong>oo</strong></span> 
     </span>
     <span class='ocr_line' id='line_1_32' title="bbox 65 3034 1085 3116; baseline 0.001 -20"><span class='ocrx_word' id='word_1_263' title='bbox 65 3035 130 3116; x_wconf 92' lang='lat' dir='ltr'><strong>pidi</strong></span> <span class='ocrx_word' id='word_1_264' title='bbox 151 3034 362 3114; x_wconf 85' lang='lat' dir='ltr'><strong>proiecissent,</strong></span> <span class='ocrx_word' id='word_1_265' title='bbox 397 3035 499 3097; x_wconf 91' lang='lat' dir='ltr'><strong>triduo</strong></span> <span class='ocrx_word' id='word_1_266' title='bbox 520 3036 682 3097; x_wconf 87' lang='lat' dir='ltr'><strong>exercitum</strong></span> <span class='ocrx_word' id='word_1_267' title='bbox 705 3038 859 3099; x_wconf 90' lang='lat' dir='ltr'><strong>deducere.</strong></span> <span class='ocrx_word' id='word_1_268' title='bbox 902 3038 1001 3111; x_wconf 89' lang='lat' dir='ltr'><strong>Haec,</strong></span> <span class='ocrx_word' id='word_1_269' title='bbox 1035 3036 1085 3097; x_wconf 90' lang='lat' dir='ltr'><strong>in-</strong></span> 
     </span>
     <span class='ocr_line' id='line_1_33' title="bbox 67 3120 1085 3203; baseline -0.001 -20"><span class='ocrx_word' id='word_1_270' title='bbox 67 3123 148 3203; x_wconf 90' lang='lat' dir='ltr'><strong>quit,</strong></span> <span class='ocrx_word' id='word_1_271' title='bbox 173 3141 192 3182; x_wconf 90' lang='lat' dir='ltr'><strong>a</strong></span> <span class='ocrx_word' id='word_1_272' title='bbox 213 3140 276 3195; x_wconf 90' lang='lat' dir='ltr'><strong>me,</strong></span> <span class='ocrx_word' id='word_1_273' title='bbox 299 3120 545 3201; x_wconf 83' lang='lat' dir='ltr'><strong>Vercingetorix,</strong></span> <span class='ocrx_word' id='word_1_274' title='bbox 572 3122 717 3183; x_wconf 86' lang='lat' dir='ltr'><strong>beneficia</strong></span> <span class='ocrx_word' id='word_1_275' title='bbox 737 3123 873 3198; x_wconf 89' lang='lat' dir='ltr'><strong>habetis,</strong></span> <span class='ocrx_word' id='word_1_276' title='bbox 901 3142 989 3202; x_wconf 89' lang='lat' dir='ltr'><strong>quem</strong></span> <span class='ocrx_word' id='word_1_277' title='bbox 1011 3141 1085 3201; x_wconf 85' lang='lat' dir='ltr'><strong>pro·-</strong></span> 
     </span>
     <span class='ocr_line' id='line_1_34' title="bbox 66 3207 1084 3287; baseline -0.004 -17"><span class='ocrx_word' id='word_1_278' title='bbox 66 3207 190 3270; x_wconf 90' lang='lat' dir='ltr'><strong>ditionis</strong></span> <span class='ocrx_word' id='word_1_279' title='bbox 212 3207 408 3281; x_wconf 83' lang='lat' dir='ltr'><strong>insimulatis3</strong></span> <span class='ocrx_word' id='word_1_280' title='bbox 431 3207 513 3268; x_wconf 89' lang='lat' dir='ltr'><strong>cuius</strong></span> <span class='ocrx_word' id='word_1_281' title='bbox 536 3226 630 3286; x_wconf 90' lang='lat' dir='ltr'><strong>opera</strong></span> <span class='ocrx_word' id='word_1_282' title='bbox 652 3207 716 3268; x_wconf 90' lang='lat' dir='ltr'><strong>sine</strong></span> <span class='ocrx_word' id='word_1_283' title='bbox 737 3216 838 3270; x_wconf 85' lang='lat' dir='ltr'><strong>vestro</strong></span> <span class='ocrx_word' id='word_1_284' title='bbox 853 3209 997 3287; x_wconf 90' lang='lat' dir='ltr'><strong>sanguine</strong></span> <span class='ocrx_word' id='word_1_285' title='bbox 1012 3218 1084 3269; x_wconf 89' lang='lat' dir='ltr'><strong>tan-</strong></span> 
     </span>
     <span class='ocr_line' id='line_1_35' title="bbox 65 3293 1084 3374; baseline -0.002 -19"><span class='ocrx_word' id='word_1_286' title='bbox 65 3304 130 3355; x_wconf 89' lang='lat' dir='ltr'><strong>tum</strong></span> <span class='ocrx_word' id='word_1_287' title='bbox 155 3293 317 3355; x_wconf 87' lang='lat' dir='ltr'><strong>exercitum</strong></span> <span class='ocrx_word' id='word_1_288' title='bbox 339 3294 483 3356; x_wconf 90' lang='lat' dir='ltr'><strong>victorem</strong></span> <span class='ocrx_word' id='word_1_289' title='bbox 504 3295 583 3367; x_wconf 81' lang='lat' dir='ltr'><strong>farne</strong></span> <span class='ocrx_word' id='word_1_290' title='bbox 605 3302 814 3373; x_wconf 87' lang='lat' dir='ltr'><strong>consumptum</strong></span> <span class='ocrx_word' id='word_1_291' title='bbox 835 3295 961 3367; x_wconf 87' lang='lat' dir='ltr'><strong>videtis;</strong></span> <span class='ocrx_word' id='word_1_292' title='bbox 995 3312 1084 3374; x_wconf 90' lang='lat' dir='ltr'><strong>quem</strong></span> 
     </span>
     <span class='ocr_line' id='line_1_36' title="bbox 66 3378 1126 3460; baseline -0.001 -19"><span class='ocrx_word' id='word_1_293' title='bbox 66 3380 192 3460; x_wconf 90' lang='lat' dir='ltr'><strong>turpiter</strong></span> <span class='ocrx_word' id='word_1_294' title='bbox 226 3399 258 3441; x_wconf 92' lang='lat' dir='ltr'><strong>se</strong></span> <span class='ocrx_word' id='word_1_295' title='bbox 286 3398 323 3440; x_wconf 87' lang='lat' dir='ltr'><strong>ex</strong></span> <span class='ocrx_word' id='word_1_296' title='bbox 349 3382 420 3460; x_wconf 87' lang='lat' dir='ltr'><strong>fuga</strong></span> <span class='ocrx_word' id='word_1_297' title='bbox 441 3380 632 3460; x_wconf 84' lang='lat' dir='ltr'><strong>recipientem</strong></span> <span class='ocrx_word' id='word_1_298' title='bbox 655 3399 693 3440; x_wconf 89' lang='lat' dir='ltr'><strong>ne</strong></span> <span class='ocrx_word' id='word_1_299' title='bbox 715 3399 776 3459; x_wconf 89' lang='lat' dir='ltr'><strong>qua</strong></span> <span class='ocrx_word' id='word_1_300' title='bbox 798 3380 905 3441; x_wconf 87' lang='lat' dir='ltr'><strong>civitas</strong></span> <span class='ocrx_word' id='word_1_301' title='bbox 928 3379 991 3441; x_wconf 89' lang='lat' dir='ltr'><strong>suis</strong></span> <span class='ocrx_word' id='word_1_302' title='bbox 1013 3378 1083 3440; x_wconf 87' lang='lat' dir='ltr'><strong>lini-</strong></span> <span class='ocrx_word' id='word_1_303' title='bbox 1097 3400 1126 3440; x_wconf 79' lang='lat' dir='ltr'><strong>aa</strong></span> 
     </span>
     <span class='ocr_line' id='line_1_37' title="bbox 64 3465 1124 3546; baseline -0.006 -18"><span class='ocrx_word' id='word_1_304' title='bbox 64 3469 123 3528; x_wconf 92' lang='lat' dir='ltr'><strong>bus</strong></span> <span class='ocrx_word' id='word_1_305' title='bbox 146 3465 285 3545; x_wconf 85' lang='lat' dir='ltr'><strong>recipiat,</strong></span> <span class='ocrx_word' id='word_1_306' title='bbox 309 3486 328 3527; x_wconf 89' lang='lat' dir='ltr'><strong>a</strong></span> <span class='ocrx_word' id='word_1_307' title='bbox 350 3485 398 3527; x_wconf 89' lang='lat' dir='ltr'><strong>me</strong></span> <span class='ocrx_word' id='word_1_308' title='bbox 420 3467 573 3546; x_wconf 91' lang='lat' dir='ltr'><strong>provisum</strong></span> <span class='ocrx_word' id='word_1_309' title='bbox 596 3475 650 3526; x_wconf 90' lang='lat' dir='ltr'><strong>est.</strong></span> <span class='ocrx_word' id='word_1_310' title='bbox 695 3465 873 3528; x_wconf 83' lang='lat' dir='ltr'><strong>Conclamat</strong></span> <span class='ocrx_word' id='word_1_311' title='bbox 895 3465 989 3526; x_wconf 89' lang='lat' dir='ltr'><strong>omnis</strong></span> <span class='ocrx_word' id='word_1_312' title='bbox 1005 3465 1124 3526; x_wconf 83' lang='lat' dir='ltr'><strong>mul-21</strong></span> 
     </span>
     <span class='ocr_line' id='line_1_38' title="bbox 64 3551 1082 3632; baseline -0.002 -17"><span class='ocrx_word' id='word_1_313' title='bbox 64 3554 162 3615; x_wconf 91' lang='lat' dir='ltr'><strong>titudo</strong></span> <span class='ocrx_word' id='word_1_314' title='bbox 196 3561 227 3614; x_wconf 89' lang='lat' dir='ltr'><strong>at</strong></span> <span class='ocrx_word' id='word_1_315' title='bbox 259 3571 314 3614; x_wconf 90' lang='lat' dir='ltr'><strong>suo</strong></span> <span class='ocrx_word' id='word_1_316' title='bbox 342 3572 424 3619; x_wconf 87' lang='lat' dir='ltr'><strong>more</strong></span> <span class='ocrx_word' id='word_1_317' title='bbox 447 3553 537 3614; x_wconf 91' lang='lat' dir='ltr'><strong>armis</strong></span> <span class='ocrx_word' id='word_1_318' title='bbox 560 3561 734 3632; x_wconf 87' lang='lat' dir='ltr'><strong>concrepat,</strong></span> <span class='ocrx_word' id='word_1_319' title='bbox 769 3554 848 3632; x_wconf 90' lang='lat' dir='ltr'><strong>quod</strong></span> <span class='ocrx_word' id='word_1_320' title='bbox 874 3553 973 3612; x_wconf 86' lang='lat' dir='ltr'><strong>lacere</strong></span> <span class='ocrx_word' id='word_1_321' title='bbox 994 3551 1025 3612; x_wconf 91' lang='lat' dir='ltr'><strong>in</strong></span> <span class='ocrx_word' id='word_1_322' title='bbox 1048 3570 1082 3613; x_wconf 93' lang='lat' dir='ltr'><strong>eo</strong></span> 
     </span>
     <span class='ocr_line' id='line_1_39' title="bbox 65 3639 1083 3718; baseline 0 -20"><span class='ocrx_word' id='word_1_323' title='bbox 65 3647 261 3712; x_wconf 83' lang='lat' dir='ltr'><strong>consuerunt,</strong></span> <span class='ocrx_word' id='word_1_324' title='bbox 300 3639 383 3700; x_wconf 89' lang='lat' dir='ltr'><strong>cuius</strong></span> <span class='ocrx_word' id='word_1_325' title='bbox 418 3639 583 3700; x_wconf 85' lang='lat' dir='ltr'><strong>orationem</strong></span> <span class='ocrx_word' id='word_1_326' title='bbox 616 3639 799 3718; x_wconf 89' lang='lat' dir='ltr'><strong>adprobant:</strong></span> <span class='ocrx_word' id='word_1_327' title='bbox 834 3657 983 3700; x_wconf 89' lang='lat' dir='ltr'><strong>summum</strong></span> <span class='ocrx_word' id='word_1_328' title='bbox 1016 3657 1083 3698; x_wconf 87' lang='lat' dir='ltr'><strong>esse</strong></span> 
     </span>
     <span class='ocr_line' id='line_1_40' title="bbox 65 3724 1083 3805; baseline 0.001 -21"><span class='ocrx_word' id='word_1_329' title='bbox 65 3724 338 3805; x_wconf 86' lang='lat' dir='ltr'><strong>Vercingetorigem</strong></span> <span class='ocrx_word' id='word_1_330' title='bbox 361 3726 480 3798; x_wconf 90' lang='lat' dir='ltr'><strong>ducem,</strong></span> <span class='ocrx_word' id='word_1_331' title='bbox 504 3726 618 3786; x_wconf 84' lang='lat' dir='ltr'><strong>neoda</strong></span> <span class='ocrx_word' id='word_1_332' title='bbox 641 3725 703 3786; x_wconf 89' lang='lat' dir='ltr'><strong>eius</strong></span> <span class='ocrx_word' id='word_1_333' title='bbox 726 3726 784 3786; x_wconf 89' lang='lat' dir='ltr'><strong>fide</strong></span> <span class='ocrx_word' id='word_1_334' title='bbox 808 3724 1005 3786; x_wconf 91' lang='lat' dir='ltr'><strong>dubitandum</strong></span> <span class='ocrx_word' id='word_1_335' title='bbox 1027 3743 1083 3785; x_wconf 90' lang='lat' dir='ltr'><strong>nec</strong></span> 
     </span>
     <span class='ocr_line' id='line_1_41' title="bbox 65 3810 1125 3892; baseline 0.004 -21"><span class='ocrx_word' id='word_1_336' title='bbox 65 3810 178 3872; x_wconf 92' lang='lat' dir='ltr'><strong>maiore</strong></span> <span class='ocrx_word' id='word_1_337' title='bbox 205 3811 322 3871; x_wconf 89' lang='lat' dir='ltr'><strong>ratione</strong></span> <span class='ocrx_word' id='word_1_338' title='bbox 344 3810 457 3872; x_wconf 88' lang='lat' dir='ltr'><strong>ballum</strong></span> <span class='ocrx_word' id='word_1_339' title='bbox 479 3811 683 3877; x_wconf 89' lang='lat' dir='ltr'><strong>administrari</strong></span> <span class='ocrx_word' id='word_1_340' title='bbox 708 3832 808 3892; x_wconf 91' lang='lat' dir='ltr'><strong>posse.</strong></span> <span class='ocrx_word' id='word_1_341' title='bbox 854 3810 1014 3882; x_wconf 85' lang='lat' dir='ltr'><strong>Statuunt,</strong></span> <span class='ocrx_word' id='word_1_342' title='bbox 1047 3817 1125 3875; x_wconf 74' lang='lat' dir='ltr'><strong>utso</strong></span> 
     </span>
     <span class='ocr_line' id='line_1_42' title="bbox 65 3895 1082 3976; baseline 0.001 -19"><span class='ocrx_word' id='word_1_343' title='bbox 65 3899 166 3958; x_wconf 90' lang='lat' dir='ltr'><strong>decem</strong></span> <span class='ocrx_word' id='word_1_344' title='bbox 199 3896 284 3957; x_wconf 92' lang='lat' dir='ltr'><strong>milia</strong></span> <span class='ocrx_word' id='word_1_345' title='bbox 309 3897 463 3958; x_wconf 91' lang='lat' dir='ltr'><strong>hominum</strong></span> <span class='ocrx_word' id='word_1_346' title='bbox 485 3898 602 3959; x_wconf 90' lang='lat' dir='ltr'><strong>delecta</strong></span> <span class='ocrx_word' id='word_1_347' title='bbox 624 3917 700 3959; x_wconf 84' lang='lat' dir='ltr'><strong>exo</strong></span> <span class='ocrx_word' id='word_1_348' title='bbox 754 3898 805 3959; x_wconf 90' lang='lat' dir='ltr'><strong>ibn</strong></span> <span class='ocrx_word' id='word_1_349' title='bbox 876 3897 917 3957; x_wconf 91' lang='lat' dir='ltr'><strong>cis</strong></span> <span class='ocrx_word' id='word_1_350' title='bbox 939 3896 970 3958; x_wconf 90' lang='lat' dir='ltr'><strong>in</strong></span> <span class='ocrx_word' id='word_1_351' title='bbox 993 3895 1082 3976; x_wconf 90' lang='lat' dir='ltr'><strong>oppi-</strong></span> 
     </span>
     <span class='ocr_line' id='line_1_43' title="bbox 64 3981 1081 4064; baseline 0.002 -20"><span class='ocrx_word' id='word_1_352' title='bbox 64 3984 138 4044; x_wconf 88' lang='lat' dir='ltr'><strong>dum</strong></span> <span class='ocrx_word' id='word_1_353' title='bbox 169 3981 338 4057; x_wconf 88' lang='lat' dir='ltr'><strong>mittantur,</strong></span> <span class='ocrx_word' id='word_1_354' title='bbox 366 4002 422 4047; x_wconf 85' lang='lat' dir='ltr'><strong>noc</strong></span> <span class='ocrx_word' id='word_1_355' title='bbox 443 3983 516 4045; x_wconf 89' lang='lat' dir='ltr'><strong>solis</strong></span> <span class='ocrx_word' id='word_1_356' title='bbox 537 3984 721 4064; x_wconf 91' lang='lat' dir='ltr'><strong>Biturigibus</strong></span> <span class='ocrx_word' id='word_1_357' title='bbox 743 4002 929 4047; x_wconf 89' lang='lat' dir='ltr'><strong>communem</strong></span> <span class='ocrx_word' id='word_1_358' title='bbox 952 3982 1081 4046; x_wconf 89' lang='lat' dir='ltr'><strong>salutem</strong></span> 
     </span>
    </p>
   </div>
   <div class='ocr_carea' id='block_1_3' title="bbox 0 0 1312 4492">
    <p class='ocr_par' dir='ltr' id='par_1_3' title="bbox 0 0 1312 4492">
     <span class='ocr_line' id='line_1_44' title="bbox 0 0 1312 4492; baseline 0 1"><span class='ocrx_word' id='word_1_359' title='bbox 0 0 1312 4492; x_wconf 95' lang='lat' dir='ltr'><strong> </strong></span> 
     </span>
    </p>
   </div>
  </div>
 </body>
</html>
