2616 4492
212 261 275 325 146
539 270 588 323 nn
609 264 727 325 anuto
751 264 907 326 cancico

210 436 308 479 sarem
330 435 384 495 per
405 415 526 477 nuutios
547 416 621 478 iacit
642 417 811 490 certiorem,
835 417 906 498 quid
927 417 1097 479 iaciendum
1120 418 1230 480 existi-

211 512 281 565 met.
326 500 485 563 Accelerat
506 501 631 576 Caesar,
654 510 689 564 ut
709 502 822 583 proelio
843 503 973 564 intersit.

166 588 202 639 88
273 588 349 649 Eius
377 590 511 650 adventu
538 608 576 649 ex
603 588 700 650 colore
722 589 852 651 vestitus
875 590 1010 670 cognito,
1039 608 1097 670 quo
1119 589 1232 672 insigni

209 675 241 737 in
262 675 383 755 proeliis
411 674 455 735 uti
481 685 654 750 consuerat,
689 676 853 757 turmisque
880 675 1013 756 equitum
1040 686 1071 737 et
1096 676 1233 739 cohorti-

181 763 267 824 sbns
289 761 380 834 visis,
410 781 485 841 quas
513 781 546 822 se
573 761 659 841 sequi
680 761 826 835 iusserat,
855 771 889 823 ut
911 762 948 823 de
970 761 1043 823 locis
1066 763 1232 842 superiori*

211 849 266 910 bus
289 848 364 909 baec
385 847 513 909 declivia
534 856 564 908 et
586 849 701 908 devexa
723 850 933 922 cernebantur,
956 848 1059 910 hostes
1081 850 1233 929 proelium

210 934 410 996 committunt.
459 933 616 1013 Utrimque
638 933 768 995 clamore
790 933 910 995 sublato
934 934 1043 1013 excipit
1064 955 1170 997 rursus
1194 956 1234 998 ex

209 1021 292 1083 vallo
320 1030 410 1100 atque
438 1019 575 1090 omnibus
603 1020 818 1082 munitionibus
840 1019 961 1081 clamor.
1005 1020 1114 1082 Nostri
1136 1023 1232 1083 omis*

211 1107 253 1169 sis
279 1105 349 1187 pilis
377 1106 483 1186 gladiis
505 1124 568 1167 rem
591 1115 705 1186 gerunt.
753 1106 890 1186 Repente
912 1116 983 1185 post
1004 1116 1122 1186 tergum
1144 1108 1234 1189 equi-

168 1201 293 1255 rotatus
326 1192 418 1254 cernit
419 1211 470 1265 ur;
504 1193 642 1253 cohortes
670 1192 748 1253 aliae
775 1192 1066 1292 adpropinquabant.
1115 1194 1233 1256 Hostes

210 1289 296 1359 terga
317 1299 370 1340 ver
371 1284 488 1352 terunt3
516 1278 696 1358 fugientibus
719 1279 833 1358 equites
856 1287 1031 1352 occurrunt}
1064 1280 1100 1340 fit
1121 1299 1245 1361 magua-

211 1366 326 1427 caedes.
371 1364 527 1437 Sedulius,
551 1367 611 1425 dux
633 1373 663 1426 et
684 1364 821 1464 princeps
836 1365 1045 1440 Lemovicum,
1069 1366 1233 1441 occiditur;¹

210 1451 513 1513 Vercassivellaunus
540 1450 698 1512 Arvernus
731 1451 819 1512 vivus
846 1452 878 1512 in
904 1454 976 1532 luga
1003 1453 1233 1532 comprehendi*

210 1547 275 1611 tur;
299 1537 385 1617 signa
399 1536 543 1597 militaria
557 1551 691 1598 Lxxrrn
706 1539 746 1598 ad
761 1537 921 1598 Caesarem
934 1541 1120 1612 referuntur3
1142 1539 1234 1619 pauci

168 1644 195 1682 rs
212 1643 250 1686 ex
270 1633 357 1685 tanto
380 1642 503 1684 numero
526 1643 559 1684 se
581 1623 743 1685 incolumes
770 1624 803 1685 in
824 1632 925 1685 castra
945 1624 1102 1704 recipiunt.
1148 1625 1234 1687 Con*

211 1709 319 1790 spicati
341 1729 379 1771 ex
401 1709 511 1790 oppido
533 1711 653 1771 caedem
676 1711 827 1790 otingam
850 1730 972 1772 suorum
994 1712 1157 1790 desperata
1178 1731 1235 1773 sa*

210 1796 273 1858 lute
296 1796 397 1876 copias
419 1795 674 1858 amonitionibus
696 1798 848 1858 reducunt.
892 1797 945 1858 Fit
966 1796 1104 1876 protinus
1127 1798 1186 1859 hac
1200 1817 1234 1860 ra

212 1883 316 1945 audita
338 1901 376 1943 ex
397 1882 507 1944 castris
530 1881 688 1944 Gallorum
708 1885 788 1962 iuga.
835 1879 924 1952 Quod
946 1883 1006 1944 nisi
1028 1883 1141 1945 crebris
1157 1885 1234 1946 sub-

212 1968 296 2030 sidiis
324 1983 360 2029 ac
386 1969 479 2029 totius
502 1968 561 2031 diei
583 1969 686 2030 labore
708 1969 819 2030 milites
842 1978 945 2031 esseut
967 1969 1092 2042 delessi,
1127 1989 1234 2033 omnes

169 2075 198 2113 ro
212 2055 342 2116 bostium
365 2055 468 2133 copiae
491 2055 584 2116 deleri
605 2054 784 2134 potuissent
827 2055 875 2116 De
897 2056 997 2117 media
1018 2064 1105 2118 noote
1120 2057 1234 2119 missus

213 2141 365 2221 equitatus
398 2141 595 2202 novissimum
627 2159 734 2220 agmen
767 2142 972 2221 consequitur3¹
1011 2151 1138 2223 magnus
1172 2163 1233 2205 nu-

212 2246 312 2288 merus
339 2226 454 2306 capitur
481 2237 573 2307 atque
600 2226 789 2301 interficitur;
822 2226 929 2307 reliqui
951 2247 989 2290 ex
1009 2229 1081 2308 fuga
1101 2229 1135 2291 in
1156 2229 1234 2291 civi-

211 2322 292 2375 tates
315 2313 480 2375 discedunt.
503 2387 509 2392 ..

168 2400 203 2451 89
275 2400 403 2461 Postero
426 2399 474 2460 die
495 2398 723 2478 Vercingetorix
744 2399 867 2461 consilio
891 2411 1056 2473 convocato
1073 2401 1105 2463 id
1118 2401 1234 2465 belluni

168 2506 197 2545 rs
213 2506 247 2548 se
279 2485 447 2566 suscepisse
474 2495 535 2546 non
562 2504 683 2547 suarum
709 2486 948 2562 necessitatium,
983 2489 1038 2549 sed
1065 2490 1237 2551 communis

212 2571 360 2634 libertatis
389 2584 480 2633 causa
508 2573 709 2647 demonstrat,
744 2580 775 2632 et
796 2573 936 2651 quoniam
959 2574 1001 2635 sit
1020 2575 1159 2637 fortunae
1181 2595 1234 2637 cea·

213 2659 359 2730 dendum,
381 2660 420 2718 ad
442 2665 600 2738 utramque
622 2677 686 2719 rem
709 2677 742 2719 se
763 2658 823 2719 illis
847 2659 966 2733 offerre,
990 2679 1045 2722 seu
1063 2670 1160 2723 morte
1175 2674 1235 2724 sua

212 2744 360 2806 Romanis
386 2744 559 2805 satisfacere
580 2763 635 2805 seu
655 2744 758 2805 vivum
780 2747 899 2807 tradere
921 2746 1025 2808 velint.
1069 2747 1238 2810 Mittuntur

213 2832 251 2892 de
282 2831 331 2892 his
364 2831 453 2892 rebus
488 2832 527 2892 ad
561 2829 724 2893 Caesarem
754 2830 856 2911 legati
903 2832 992 2894 Iubet
1019 2852 1105 2895 arma
1134 2836 1235 2909 tradi,

170 2938 199 2977 ao
212 2917 362 2997 principes
394 2917 526 2996 produci.
575 2917 646 2996 Ipse
670 2918 703 2979 in
729 2917 895 2979 munitione
916 2937 971 2997 pro
994 2920 1102 2981 castris
1124 2939 1234 2983 consae

213 3003 273 3077 dit;'
302 3023 336 3064 eo
364 3005 453 3065 duces
479 3003 690 3083 producuntur.
734 3002 963 3085 Vercingetorix
990 3005 1117 3080 deditur,
1145 3026 1234 3069 arma

212 3089 416 3170 proiiciuntur.
459 3089 638 3151 Reservatis
665 3088 781 3151 Aeduis
810 3100 901 3171 atque
923 3089 1088 3166 Arvernis,
1123 3091 1150 3153 si
1177 3103 1236 3173 per'

213 3195 266 3239 eos
299 3175 436 3237 civitates
463 3176 627 3255 reciperare
653 3186 772 3255 posset,
806 3183 844 3237 ex
870 3177 993 3256 reliquis
1015 3178 1143 3258 captivis
1165 3188 1232 3243 toto

213 3262 358 3331 exercitui
379 3262 480 3342 capita
502 3261 621 3342 singula
641 3264 771 3342 praedae
792 3263 912 3324 nomine
934 3264 1096 3325 distribuit.

169 3350 206 3417 ⁸⁰
276 3348 335 3413 His
360 3350 450 3410 rebus
473 3347 613 3410 coniectis
635 3348 667 3409 in
689 3348 814 3411 Aeduos
836 3349 1033 3430 proficiscitur
1040 3369 1049 3424 ;
1077 3349 1232 3413 civitatem

169 3456 198 3497 a·
212 3436 325 3516 recipit.
367 3435 414 3497 Eo
436 3435 528 3515 legati
550 3435 589 3496 ab
610 3434 756 3496 Arvernis
778 3435 881 3509 missi,
905 3455 982 3516 quae
996 3436 1176 3515 imperaret,
1198 3457 1232 3499 se

212 3522 345 3585 lecturos
367 3521 552 3621 pollicentur.
585 3511 719 3600 Imperat
741 3540 881 3601 magnum
903 3541 1058 3583 numerum
1080 3522 1234 3586 obsidum.-

212 3606 395 3689 Legiones
387 3627 418 3668 m
445 3609 569 3670 hiberna
595 3608 696 3669 mittit.
741 3606 936 3692 Captivorum
959 3608 1074 3670 circiter
1095 3623 1149 3670 xx
1171 3610 1232 3671 mi-·

213 3693 256 3755 lia
276 3690 393 3755 Aeduis
416 3687 622 3773 Arvernisque
643 3693 751 3754 reddit.
789 3693 825 3754 Τ.
840 3683 1007 3756 Labienum
1031 3695 1148 3756 duabus
1163 3715 1231 3757 cum

171 3800 201 3841 ιι
214 3770 380 3860 legionibus
409 3790 440 3842 et
467 3781 601 3861 equitatu
627 3779 659 3840 in
682 3779 840 3859 Sequanos
861 3780 1010 3866 proficisci
1031 3781 1130 3856 iubet3
1163 3782 1236 3844 huic¹

214 3865 258 3927 M.
282 3860 489 3943 Sempronium
511 3865 646 3930 Rutilum
668 3866 816 3927 attribuit.
861 3858 973 3929 Gaium
993 3867 1121 3929 Fabium
1144 3867 1231 3949 lega·

214 3961 279 4021 tu
301 3961 332 4012 et
352 3952 477 4014 Lucium
499 3952 661 4015 Minucium
683 3952 817 4015 Basilum
840 3973 906 4016 enm
929 3952 1094 4034 legionibus
1110 3955 1233 4019 duabus
