2616 4492
398 293 546 343 1111111.
569 274 797 342 anazir-26.
1041 273 1104 341 119

84 439 195 519 11111,
211 450 249 494 ne
277 434 357 513 quod
383 434 504 496 omnino
531 441 650 514 tempus
673 433 712 495 ab
734 450 824 513 opere
845 428 1103 506 intermitteretur,

84 517 175 599 paulo
196 527 267 580 ante
289 520 411 603 tertiam
432 520 566 601 vigiliam
589 528 638 582 est
658 520 902 582 animadversum
915 518 1031 578 fumare
1045 535 1102 598 ag-

84 623 198 685 gerem,
222 624 309 686 quem
326 607 458 668 cuniculo
473 608 577 668 hostes
593 607 821 680 succenderant,
845 605 1009 684 eodemque
1023 611 1104 664 tem·

81 710 155 772 pore
176 699 242 754 toto
264 711 349 754 muro
372 692 502 755 clamore
524 692 644 754 sublato
667 692 783 753 duabus
805 691 901 771 portis
924 691 962 751 ab
977 697 1103 770 udoque

82 776 176 839 latere
209 778 335 840 turrium
368 780 483 858 eruptio
517 780 617 841 fiebat
661 777 727 840 Alii
759 780 841 840 iaces
870 785 961 857 atque
987 774 1132 837 aridams

82 863 240 925 materiem
274 865 310 926 de
338 884 422 927 muro
451 866 484 927 in
506 884 644 947 aggerem
667 864 783 927 eminus
806 864 973 935 iaciebant,
1006 862 1104 942 picem

79 949 271 1031 reliquasque
292 970 356 1026 res,
391 952 497 1032 quibus
524 953 603 1033 ignis
626 952 753 1013 excitari
774 957 891 1030 potest,
920 949 1102 1025 fundebant,

81 1044 132 1110 ut,
161 1055 219 1118 quo
241 1037 371 1118 primum
394 1048 560 1101 curreretur
582 1047 635 1100 aut
657 1037 705 1100 cni
726 1037 771 1099 rei
791 1039 919 1098 11111111
940 1034 1102 1111 auxilium,

79 1123 134 1184 vix
160 1123 240 1185 ratio
267 1123 338 1186 iniri
364 1135 478 1205 posset
529 1126 660 1201 Tamen,
690 1125 770 1204 quod
796 1122 937 1185 instituto
961 1120 1125 1191 (laeseris¹

80 1228 202 1289 semper
233 1211 311 1272 duae
344 1211 477 1292 legiones
510 1232 565 1293 pro
593 1211 703 1274 castris
731 1210 922 1271 excubabant
943 1207 1104 1289 pluresque
1117 1231 1146 1269 so

79 1295 204 1375 partitis
233 1299 417 1378 temporibus
445 1307 533 1360 erant
558 1299 590 1360 in
613 1316 718 1377 opere,
747 1296 883 1357 celeriter
903 1295 1016 1356 lactum
1039 1302 1102 1368 est,

80 1391 116 1443 ut
137 1381 191 1444 1111
213 1385 419 1464 eruptionibus
441 1386 633 1459 resisterent,
658 1383 712 1452 alii
733 1392 832 1444 turres
855 1380 1031 1442 reducerent
1046 1399 1102 1460 ag·

80 1487 241 1550 geremque
262 1469 526 1544 interscinderent,
550 1470 647 1548 omnis
667 1487 741 1531 vero
765 1488 802 1530 ex
817 1467 928 1530 castris
942 1466 1102 1528 multitudo

79 1555 122 1617 ad
143 1555 386 1636 restinguendum
406 1565 606 1618 concurreret

146 1639 222 1702 Cum
254 1642 287 1703 in
321 1644 458 1704 omuibus
485 1643 560 1704 locis
587 1649 766 1722 consumpta
792 1641 854 1702 iam
876 1637 994 1717 reliqua
1014 1643 1144 1717 parteat

80 1727 179 1789 noctis
201 1737 385 1808 pugnaretur
407 1748 583 1808 semperque
604 1728 743 1789 hostibus
771 1747 841 1807 spes
864 1723 1008 1786 victoriae
1030 1723 1102 1785 red·
1116 1747 1144 1788 rs

79 1814 297 1893 integraretur,
338 1833 372 1875 eo
405 1816 517 1895 magis,
557 1815 636 1894 quod
669 1815 791 1874 deustos
824 1811 943 1891 pluteos
975 1809 1101 1872 turrium

79 1900 228 1961 videbant
255 1918 310 1961 nec
335 1900 424 1962 lacile
453 1901 536 1963 adire
564 1909 684 1981 apertos
713 1901 752 1961 ad
775 1897 981 1960 auxiliandum
1003 1895 1102 1957 anim-

81 1982 305 2061 advertebant,
272 1994 501 2068 tsemperqne
522 1986 580 2068 ipsi
603 1994 737 2048 recentes
761 1983 887 2046 defessis
910 1982 1104 2044 succederent

80 2090 258 2152 amnemque
280 2071 401 2135 Galliae
423 2075 505 2137 salut
492 2083 552 2137 tem
574 2072 680 2135 inille
702 2070 828 2152 vestigio
850 2068 995 2149 temporis
1016 2067 1101 2148 posi·
1114 2095 1145 2134 ro

79 2168 144 2220 tam
167 2159 397 2235 arbitrarentur,
425 2161 535 2223 accidit
556 2159 798 2240 inspectantibus
820 2156 906 2219 nobis
929 2155 1011 2236 qnod
1033 2154 1101 2236 dig-

79 2264 151 2306 num
176 2246 328 2307 memoria
360 2247 459 2308 visum
485 2247 736 2326 praetereundum
764 2263 824 2307 non
851 2241 1100 2304 existimavimus.

79 2329 212 2400 Quidam
246 2340 319 2394 ante
350 2341 469 2433 portam
502 2333 605 2433 oppidi
632 2331 740 2394 Gallus
767 2349 820 2411 per
848 2348 955 2391 manus
977 2327 1042 2390 sevi
1065 2346 1102 2389 ac
1156 2346 1157 2349 ’

79 2417 155 2497 picis
177 2419 309 2482 traditas
332 2419 467 2500 glebas
458 2438 490 2480 m
512 2419 611 2500 ignem
627 2438 643 2479 e
658 2418 778 2499 regione
793 2415 885 2478 turris
906 2414 1098 2495 proiiciebat·

78 2505 236 2583 scorpione
258 2506 297 2566 ab
320 2505 365 2567 lat
352 2514 415 2567 1111
437 2506 543 2568 dextro
565 2505 710 2568 traiectus
733 2502 982 2581 exanimatusque
999 2499 1099 2561 conci-
1113 2527 1142 2565 aa

79 2589 133 2650 dit.
176 2591 266 2651 Hunc
294 2609 332 2651 ex
357 2592 503 2671 proximis
530 2611 608 2654 unus
635 2592 783 2652 iacentem
811 2598 1020 2668 transgressus
1044 2605 1098 2647 eo-

77 2676 148 2737 dem
168 2675 221 2736 illo
244 2695 367 2738 munere
388 2679 582 2758 iungebatnr;
610 2678 715 2739 eadem
738 2676 855 2737 ratione
877 2675 940 2736 ictu
962 2672 1099 2753 scorpio-

78 2761 126 2824 nis
159 2761 332 2823 exanimato
366 2763 454 2825 alteri
487 2763 631 2825 successit
658 2762 764 2823 tertius
793 2770 824 2822 et
845 2760 935 2822 tertio
958 2768 1098 2840 quartus,

79 2866 134 2908 nec
155 2846 239 2927 prius
261 2847 312 2907 ille
334 2856 383 2909 est
404 2868 423 2908 a
443 2849 715 2929 propugnatoribus
737 2867 851 2910 vacuus
866 2846 989 2909 relictus
1005 2846 1097 2920 locus,

78 2952 170 3013 quam
193 2932 337 2994 restincto
360 2951 467 3012 aggere
489 2943 579 3015 atque
602 2935 684 2996 omni
705 2954 744 2996 ex
764 2942 852 3014 parte
868 2932 1026 2995 summotis
1041 2932 1098 2993 ho·
1081 2957 1142 2996 -ao

78 3020 176 3081 stibus
198 3019 267 3082 linis
290 3026 339 3081 111
359 3020 513 3119 pugnandi
533 3022 642 3082 iactus.

144 3105 256 3167 Omnia
294 3105 410 3186 experti
448 3104 546 3180 Galli,
585 3108 664 3186 quod
696 3127 745 3168 res
778 3104 863 3166 nulla
895 3109 1097 3174 successerat,
1106 3108 1141 3162 16

77 3200 199 3271 postero
233 3192 281 3253 die
309 3191 467 3255 consilium
490 3201 632 3271 ceperunt
654 3210 692 3254 ex
714 3192 824 3272 oppido
846 3191 1002 3272 profugere
1024 3186 1098 3248 hor-

79 3286 165 3339 tante
187 3286 218 3339 at
239 3277 361 3340 iubente
383 3278 636 3360 Vercingetorige.
673 3279 709 3340 ld
731 3277 852 3339 silentio
874 3274 973 3338 noctis
997 3273 1098 3334 conati

78 3383 139 3424 non
176 3383 287 3444 magna
321 3365 441 3426 iactura
472 3383 592 3427 snorum
626 3384 692 3426 sese
726 3365 883 3426 effecturos
916 3360 1097 3440 sperabant,
1111 3384 1139 3424 aa

78 3458 238 3530 propterea
266 3452 346 3531 quod
373 3471 469 3533 neque
494 3450 582 3532 longe
610 3452 649 3512 ab
671 3451 780 3530 oppido
804 3457 907 3511 castra
927 3446 1095 3525 Vercinge-

79 3536 182 3618 torigis
215 3539 358 3614 aberant,
393 3548 424 3600 et
456 3537 559 3618 palus,
594 3557 671 3618 quae
703 3546 849 3619 perpetua
875 3532 1096 3607 intercedebat,

79 3621 234 3685 Romanos
262 3625 302 3686 ad
328 3625 544 3704 insequendum
571 3625 723 3686 tardabat.
774 3624 897 3703 Iamque
920 3622 976 3682 hoc
997 3621 1096 3681 facere

79 3718 169 3771 noctu
196 3712 402 3789 apparabant,
431 3730 498 3772 cum
525 3711 772 3773 matresfamiliae
794 3718 917 3789 repente
939 3707 971 3768 11
993 3705 1095 3787 publi-

79 3815 146 3857 cum
178 3806 393 3874 procurrerunt
424 3797 588 3878 flentesque
615 3798 766 3876 proiectae
794 3796 833 3857 ad
860 3797 952 3876 pedes
975 3812 1096 3855 suorum
1110 3819 1139 3857 m

78 3882 216 3943 omnibus
243 3884 381 3962 precibus
408 3885 574 3963 petierunt,
608 3904 645 3945 ne
673 3904 705 3945 se
733 3891 764 3945 et
790 3901 963 3944 communes
985 3879 1095 3942 liberos

78 3968 216 4030 hostibus
239 3970 279 4030 ad
301 3971 478 4050 supplicium
501 3971 659 4047 dederent,
688 3983 762 4050 quos
785 3970 825 4032 ad
847 3969 1024 4050 capiendam
1045 3967 1095 4028 iu·
