2616 4492
381 303 451 352 nm.
467 302 542 352 vm.
564 304 642 352 cns.
656 287 795 353 ‚ta-tt.
1036 287 1096 354 165

78 459 146 504 cum
168 441 200 503 in
221 449 406 522 potestatem
432 442 568 505 venisset
588 442 756 525 Epasnacti
777 442 909 506 Arverni
929 477 973 491 -
993 445 1098 507 crebro

79 528 159 590 enim
181 528 334 590 mutandis
355 528 429 590 locis
451 529 612 592 multomm
634 531 705 592 fidei
726 550 759 592 se
775 530 996 603 committebat,
1019 532 1099 610 quod

78 633 228 694 nusquam
261 615 373 678 diutius
406 614 472 677 sine
504 616 634 696 periculo
661 626 897 679 commoraturus
928 615 1099 693 videbatur,

78 720 145 762 cum
168 701 227 762 sibi
248 701 383 763 conscius
405 709 499 774 esset,
523 721 613 783 quam
635 702 786 764 inimicum
802 704 924 765 deberet
937 702 1100 764 Caesarem

78 787 192 848 habere
218 822 262 832 —
288 788 367 848 hunc
392 787 584 868 Epasnactus
611 787 786 863 Arvernus,
821 789 1018 850 amicissimus
1042 807 1127 869 po-s

77 872 150 954 pulo
173 872 329 946 Romano,
352 873 418 935 sine
440 874 628 938 dubitatione
650 875 713 938 ulla
734 874 868 938 vinctum
882 876 922 937 ad
937 875 1100 938 Caesarem

78 958 212 1021 deduxit.

143 1043 297 1106 Labienus
329 1044 447 1107 interim
475 1045 506 1108 in
534 1045 677 1108 ibereris
703 1052 841 1126 equestre
862 1046 1007 1127 proelium
1027 1046 1142 1110 iacit4⁵

78 1132 243 1194 secundum
270 1133 529 1214 compluribusque
557 1131 699 1195 Treveris
726 1133 891 1195 interiectis
919 1143 950 1196 et
971 1134 1100 1196 Germa-

79 1218 143 1293 nis,
177 1219 229 1298 qui
261 1218 352 1280 nullis
385 1218 533 1281 adversus
565 1219 721 1280 Romanos
754 1219 867 1280 auxilia
893 1221 1100 1301 denegabant,
1115 1242 1144 1280 ro

78 1303 229 1385 principes
263 1323 365 1367 eorum
391 1305 479 1367 vivos
506 1303 616 1385 redigit
642 1304 675 1366 in
697 1323 784 1366 suam
805 1313 988 1385 potestatem
1010 1315 1101 1387 atque

78 1391 111 1452 in
133 1390 182 1451 his
205 1387 315 1452 Surum
336 1390 493 1465 Aeduum,
521 1391 573 1472 qui
600 1398 632 1452 et
656 1389 801 1452 virtutum
824 1400 856 1452 et
877 1390 993 1472 generis
1015 1411 1101 1453 sum-

79 1495 161 1538 mam
183 1476 371 1538 nobilitatem
392 1476 526 1539 habebat
547 1475 688 1558 solusque
709 1495 747 1538 ex
768 1475 885 1540 Aeduis
907 1477 947 1539 ad
967 1476 1000 1539 id
1021 1484 1101 1540 tem-

78 1581 137 1644 pus
158 1570 367 1641 permanserat
386 1562 419 1624 in
441 1561 543 1623 armis.

144 1648 194 1710 Ea
219 1667 252 1708 re
279 1646 400 1728 cognita
426 1647 630 1709 Caesareum
651 1645 684 1708 in
706 1647 842 1710 omnibns
863 1647 1000 1728 partibus
1023 1645 1146 1710 Gal-46

79 1733 140 1797 liae
161 1733 237 1795 bene
258 1751 306 1795 res
329 1733 391 1814 geri
410 1733 529 1795 videret
549 1731 754 1813 iudicaretque
779 1733 983 1814 superioribus
1006 1733 1102 1795 aesti-
1117 1757 1144 1796 ts

79 1821 128 1881 vis
151 1817 281 1880 Galliam
300 1820 447 1881 devictam
463 1820 679 1898 subactamque
694 1838 777 1892 esse,
800 1819 998 1900 Aquitaniam
1012 1839 1103 1902 num-

81 1924 173 1986 quam
206 1905 335 1980 adisset,
369 1925 424 1986 per
454 1904 595 1968 Publium
629 1904 774 1967 Crassum
800 1906 933 1988 quadam
959 1913 1104 1988 exparte

80 1991 257 2066 devicisset,
285 2010 352 2053 cum
373 1992 490 2053 duabus
512 1990 679 2072 legionibus
700 1991 733 2053 in
754 2011 821 2053 eam
842 2001 962 2072 partem
983 1991 1103 2054 Galliae

80 2086 129 2140 est
150 2079 318 2158 proiectus,
346 2086 381 2140 ut
402 2078 444 2139 ibi
467 2086 632 2139 extremum
654 2086 774 2158 tempus
796 2086 986 2141 consumeret
1007 2078 1103 2141 aesti·
1117 2103 1147 2142 ao

79 2183 196 2226 vorum.
240 2160 341 2232 Quam
361 2184 424 2226 rem
447 2164 535 2227 sicuti
556 2172 656 2227 cetera
678 2163 812 2227 celeriter
832 2164 1016 2245 feliciterque
1030 2183 1103 2226 con-

80 2250 160 2312 iecit.
214 2249 353 2331 Namque
386 2270 491 2313 omnes
523 2249 711 2332 Aquitaniae
744 2250 883 2313 civitates
916 2249 1032 2333 legatos
1064 2250 1105 2313 ad
1181 2309 1182 2312 ,

81 2336 244 2398 Caesarem
276 2338 424 2399 miserunt
451 2336 629 2418 obsidesque
658 2336 686 2399 ei
713 2336 868 2401 dedemnt.
911 2332 1032 2407 Quibus
1051 2354 1104 2400 re-

80 2423 137 2484 bus
160 2422 253 2504 gestis
274 2423 341 2504 ipse
363 2423 495 2504 equitum
517 2422 669 2504 praesidio
689 2422 867 2487 Narbonem
878 2422 1032 2505 proiectus
1045 2430 1104 2496 est,

81 2510 245 2571 exercitum
267 2529 321 2590 per
342 2510 459 2592 legatos
480 2509 513 2570 in
534 2510 662 2572 hiberna
683 2510 821 2574 deduxit:
844 2516 989 2591 quattuor
1008 2508 1105 2591 legio-
1119 2535 1147 2573 ss

81 2615 137 2657 nes
158 2594 190 2656 in
210 2595 315 2676 Belgio
338 2595 506 2658 conlocavit
528 2615 596 2657 cum
618 2596 661 2658 M.
684 2594 819 2658 Antonio
841 2603 874 2659 et
893 2593 933 2659 G.
953 2593 1105 2659 Trebonio

82 2690 114 2743 et
139 2680 176 2742 P.
195 2681 322 2743 Vatinio
350 2682 473 2763 legatis,
506 2683 584 2744 duas
610 2681 741 2762 legiones
763 2681 795 2744 iu
816 2680 944 2745 Aeduos
964 2681 1104 2757 deduxit,

82 2786 210 2848 quorum
237 2767 270 2828 in
297 2768 378 2829 omni
405 2766 510 2829 Gallia
530 2786 680 2829 summam
702 2787 770 2829 esse
792 2766 1004 2831 auctoritatem
1026 2767 1105 2830 scie-

81 2853 153 2924 bat,
187 2853 263 2913 duas
296 2852 328 2913 in
356 2851 487 2914 Turonis
515 2853 554 2914 ad
581 2854 656 2914 fines
685 2852 852 2915 Gamutum
879 2853 995 2933 posuit,
1029 2871 1106 2934 quae

83 2955 202 2999 omnem
234 2937 318 3001 illam
350 2937 499 3017 regionem
531 2938 720 3000 coniunctam
748 2939 869 3001 Oceano
902 2939 1106 3013 continerent,
1120 2963 1150 3002 ao

83 3025 161 3086 duas
182 3022 313 3103 reliquas
335 3022 367 3084 in
387 3021 582 3084 Lemovicum
603 3024 714 3086 linibus
735 3043 797 3086 non
817 3023 904 3105 longe
927 3025 966 3086 ab
988 3023 1106 3086 Arver-

82 3110 147 3184 nis,
176 3128 215 3170 ne
236 3127 297 3191 qua
317 3127 388 3190 pars
412 3107 532 3170 Galliae
553 3127 651 3170 vacua
671 3110 711 3171 ab
733 3110 867 3172 exercitu
889 3119 978 3171 esset.
1021 3109 1106 3172 Pau-

83 3215 135 3258 cos
162 3195 227 3257 dies
248 3196 314 3276 ipse
335 3194 368 3257 in
389 3193 545 3275 provincia
566 3202 719 3270 moratus,
753 3215 819 3257 cum
846 3194 983 3258 celeriter
1004 3210 1107 3256 omnes

84 3290 250 3345 conventus
283 3281 532 3362 percucurrisset,
565 3280 702 3360 publicas
729 3281 950 3344 controversias
978 3299 1107 3363 cognos-

84 3377 148 3443 set,
170 3369 248 3431 bene
269 3367 386 3430 meritis
408 3365 544 3449 praemia
565 3366 723 3428 tribuisset
743 3403 787 3414 -
808 3369 1007 3448 cognoscendi
1029 3366 1108 3428 enim
1122 3392 1150 3430 ss

84 3455 247 3518 maximam
269 3455 443 3517 facultatem
466 3452 614 3530 habebat,
637 3453 719 3534 quali
742 3453 867 3534 quisque
887 3453 994 3515 inisset
1008 3452 1108 3516 animo

83 3541 117 3603 in
149 3541 243 3604 totius
271 3540 391 3602 Galliae
419 3538 600 3613 defectione,
633 3558 725 3622 quam
752 3540 939 3603 sustinuerat
965 3539 1109 3601 fidelitate

86 3637 177 3707 atque
200 3627 321 3689 auxiliis
342 3624 517 3707 provinciae
540 3625 621 3688 illius
636 3660 694 3698 -,
724 3627 865 3688 coniectis
886 3626 936 3688 his
957 3627 1047 3688 rebus
1070 3625 1110 3688 ad

85 3713 218 3794 legiones
239 3713 272 3774 in
294 3713 431 3793 Belgium
457 3731 490 3773 se
512 3712 616 3793 recipit
636 3712 835 3794 hibernatque
856 3713 1108 3775 Nemetocennae

150 3800 198 3862 Ibi
226 3800 379 3880 cognoscit
406 3799 573 3861 Commium
596 3798 775 3862 Atrebatem
798 3799 912 3881 proelio
935 3819 1002 3862 cum
1024 3796 1152 3881 equi-47

86 3893 155 3947 tatu
188 3905 242 3948 suo
278 3885 479 3947 contendisse.
522 3885 603 3946 Nam
635 3905 701 3949 cum
734 3884 887 3949 Antonius
918 3885 950 3948 in
982 3885 1110 3948 hiberna
1123 3911 1144 3948 a

87 3971 238 4046 venisset,
262 3972 427 4053 civitasque
448 3970 632 4034 Atrebatum
653 3971 684 4034 in
708 3972 803 4035 officio
826 3981 922 4048 esset,
945 3971 1108 4044 Commius,
