2616 4492
216 279 260 342 44
542 293 590 341 on
612 293 730 342 annno
754 293 909 343 eunuco

215 431 338 494 vincula
358 431 522 509 coniectos,
545 453 600 513 pro
624 432 828 514 magnitudine
848 432 974 513 periculi
995 432 1104 496 bellum
1126 452 1239 514 parare

217 527 249 582 et
270 518 400 581 maxime
424 539 475 595 ea,
505 539 582 600 quae
611 520 651 581 ad
672 539 760 582 usum
782 520 906 581 navium
928 520 1095 598 pertinent,
1128 522 1237 601 provi-

216 606 286 668 dere
318 606 494 679 instituunt,
529 607 585 667 hoc
618 605 730 668 maiore
757 626 827 686 spe,
861 607 941 685 quod
967 606 1094 668 multum
1128 616 1239 669 natura

215 691 272 753 loci
295 692 492 754 confidebant.
536 692 697 754 Pedestria
718 713 785 754 esse
808 693 917 754 itinera
931 693 1050 753 concisa
1065 694 1238 768 aestuariis,

185 779 438 858 enavigationem
460 779 636 858 impeditam
657 788 780 858 propter
802 778 988 840 inscientiam
1011 779 1142 841 locorum
1156 799 1237 859 pau-

215 865 396 946 citatemque
433 875 574 945 portuum
613 864 763 937 sciebant,
802 884 899 945 neque
932 874 1053 927 nostros
1087 867 1236 928 exercitus

214 959 339 1031 propter
371 952 511 1012 frumenti
543 951 677 1032 inopiam
704 951 815 1013 diutius
844 952 925 1031 apud
953 970 985 1012 se
1013 953 1123 1014 morari
1145 973 1237 1032 posse

215 1038 421 1110 confidebant3
456 1057 491 1099 ac
519 1038 581 1099 iam
608 1046 642 1100 ut
669 1038 770 1098 omnia
798 1046 903 1098 contra
925 1037 1096 1117 opinionem
1118 1039 1237 1101 accide-

214 1132 297 1198 rent,
320 1131 422 1184 tamen
444 1143 477 1184 se
497 1124 658 1204 plurimum
681 1123 809 1185 navibus
830 1143 937 1204 posse,
960 1124 1116 1187 Romanos
1139 1145 1238 1205 neque

172 1231 201 1270 ro
214 1209 308 1272 ullam
339 1210 515 1271 facultatem
547 1210 659 1271 habere
686 1210 808 1271 navium
835 1229 932 1290 neque
961 1229 1062 1271 eorum
1084 1213 1235 1286 locorum,

214 1296 265 1358 ubi
286 1295 398 1357 bellum
421 1296 534 1377 gesturi
557 1305 675 1370 essent,
698 1298 794 1370 vada,
817 1305 938 1376 portus,
961 1296 1076 1358 insulas
1097 1299 1236 1373 novisse;

214 1401 251 1444 ac
271 1381 359 1463 longe
382 1382 472 1443 aliam
496 1402 563 1444 esse
585 1382 807 1463 navigationem
830 1383 862 1444 in
885 1382 1025 1444 concluso
1047 1385 1123 1446 mari
1143 1393 1237 1464 atque

212 1469 245 1531 in
276 1468 451 1530 vastissimo
486 1468 608 1531 Oceano
635 1469 866 1549 perspiciebant.
914 1469 972 1531 His
994 1468 1078 1531 initis
1101 1471 1235 1533 consiliis

214 1555 326 1636 oppida
347 1555 498 1628 muniunt,
521 1557 672 1617 frumenta
694 1575 732 1616 ex
753 1555 834 1635 agris
854 1555 885 1616 in
901 1556 1013 1635 oppida
1027 1566 1235 1637 comportant,

170 1663 197 1702 ro
212 1661 307 1703 naves
340 1642 371 1703 in
399 1642 577 1717 Venetiam,
612 1642 664 1703 ubi
691 1641 855 1703 Caesarem
880 1643 1010 1722 primum
1033 1661 1100 1704 esse
1121 1644 1235 1706 bellum

213 1738 367 1810 gesturum
390 1731 564 1804 constabat,
594 1748 684 1808 quam
700 1728 846 1808 plurimas
861 1738 990 1807 possunt
1018 1739 1136 1809 cogunt
1171 1730 1234 1793 So-

213 1815 275 1877 cios
310 1815 367 1876 sibi
400 1817 440 1876 ad
466 1817 497 1878 id
523 1816 636 1878 bellum
660 1814 814 1888 Osismos,
848 1814 1015 1889 Lexouios,
1048 1816 1233 1892 Namnetes,

211 1901 437 1974 Ambivaritos,
459 1903 613 1977 Morinos,
635 1902 838 1975 Diablintres,
861 1902 1021 1981 Menapios
1044 1903 1233 1977 adsciscunt3

212 1987 325 2048 auxilia
347 2007 385 2048 ex
405 1988 582 2063 Britannia,
606 2008 684 2069 quae
706 1998 812 2051 contra
833 2006 886 2049 eas
900 1988 1037 2068 regiones
1052 1990 1154 2071 posita
1168 1999 1233 2063 est,

168 2094 198 2132 ao
212 2082 375 2135 arcessunt

169 2161 203 2211 10
275 2159 375 2220 Erant
396 2179 450 2220 eae
466 2159 657 2220 difficultates
672 2159 743 2221 belli
758 2159 893 2241 gerendi,
917 2179 994 2238 quas
1017 2176 1110 2238 supra
1125 2166 1232 2219 osten-

212 2245 325 2321 dimus,
355 2247 409 2306 sed
432 2246 527 2306 multa
550 2245 713 2307 Caesarem
740 2255 843 2307 tamen
871 2248 911 2308 ad
932 2245 965 2307 id
986 2244 1098 2306 bellum
1119 2243 1231 2305 incita-

210 2333 300 2394 bant:
334 2331 461 2392 iniuriae
489 2340 671 2394 retentorum
695 2333 828 2412 equitum
850 2332 1073 2406 Romanorum,
1107 2330 1231 2392 rebellio

210 2419 293 2479 facta
313 2427 384 2498 post
406 2418 601 2491 deditionem,
630 2419 755 2480 defectio
778 2419 857 2480 datis
881 2418 1052 2492 obsidibus,
1085 2425 1133 2478 tot
1154 2417 1230 2478 civi-

167 2525 195 2564 m
211 2514 310 2566 tatum
343 2505 524 2580 coniuratio,
559 2504 590 2565 in
617 2505 722 2584 primis
749 2525 787 2566 ne
814 2506 871 2567 hac
891 2514 977 2585 parte
999 2503 1135 2583 neglecta
1158 2503 1231 2565 reli-

211 2610 289 2672 quae
310 2591 450 2652 nationes
473 2591 531 2652 sibi
554 2591 633 2652 idern
655 2590 745 2653 licere
768 2593 995 2653 arbitrarentur.
1032 2590 1140 2668 Itaque
1163 2609 1230 2651 cum

209 2677 397 2757 intellegeret
424 2696 527 2738 omnes
555 2679 617 2739 fere
639 2675 747 2739 Gallos
770 2679 856 2740 novis
879 2680 968 2740 rebus
991 2677 1113 2738 studere
1137 2677 1230 2738 etad

209 2762 320 2825 bellum
344 2763 493 2825 mobiliter
514 2763 706 2844 celeriterque
730 2764 867 2838 excitari,
892 2783 996 2825 omnes
1012 2771 1113 2824 autem
1130 2762 1230 2825 homi-

209 2869 264 2912 nes
287 2859 397 2911 natura
419 2849 553 2911 libertati
575 2852 697 2911 studere
712 2859 743 2912 et
757 2851 959 2913 condicionem
975 2849 1130 2912 servitutis
1146 2849 1230 2911 odis-

165 2958 196 2997 so
210 2955 257 3010 se,
291 2937 465 3017 priusquam
492 2935 593 3015 plures
622 2937 761 2998 civitates
783 2938 1004 3018 conspirarent,
1038 2936 1229 3016 partiendum

167 3026 198 3076 11
209 3023 267 3084 sibi
300 3042 336 3084 ac
366 3021 460 3083 latius
493 3022 732 3085 distribuendum
761 3025 923 3086 exercitum
948 3023 1077 3103 putavit.
1120 3023 1230 3101 Itaque

209 3109 313 3171 Titum
345 3109 513 3171 Labienum
540 3109 672 3190 legatum
694 3110 726 3171 in
749 3111 914 3184 Treveros,
943 3109 994 3190 qui
1020 3109 1147 3188 proximi
1169 3108 1229 3170 flu-

207 3196 281 3257 mini
312 3197 422 3258 Rheno
456 3204 541 3268 sunt,
576 3215 642 3257 oum
670 3197 806 3277 equitatu
834 3196 936 3257 mittit.
984 3195 1064 3257 Huic
1086 3196 1227 3271 mandat,

206 3283 320 3344 Remos
343 3282 534 3363 reliquosque
556 3282 666 3363 Belgas
689 3285 782 3344 adeat
803 3291 894 3362 atque
915 3282 946 3343 in
962 3282 1057 3343 officio
1074 3281 1229 3344 contineat

164 3390 193 3430 ao
208 3367 450 3448 Germanosque,
485 3369 537 3448 qui
570 3370 681 3431 auxilio
709 3389 729 3430 a
755 3369 857 3449 Belgis
880 3368 1017 3430 arcessiti
1040 3368 1226 3443 dicebantur,

208 3455 236 3516 si
261 3476 316 3535 per
342 3455 403 3517 vim
426 3456 556 3516 navibus
579 3455 690 3517 flumen
718 3455 847 3516 transire
876 3464 1029 3529 conentur,
1058 3455 1226 3534 probibeat.

207 3541 243 3603 P.
259 3541 402 3604 Crassum
425 3562 491 3603 cum
514 3542 686 3604 cohortibus
708 3541 879 3622 legionariis
901 3541 1055 3603 duodecim
1072 3549 1103 3603 et
1117 3561 1227 3622 magno

207 3646 329 3689 numero
364 3629 516 3708 equitatus
544 3629 576 3689 in
602 3627 802 3707 Aquitaniam
823 3628 970 3707 proficisci
991 3628 1089 3701 iubet,
1123 3647 1162 3689 ne
1189 3647 1228 3690 ex

206 3713 255 3774 his
276 3714 449 3776 nationibus
472 3715 586 3776 auxilia
607 3715 638 3775 in
661 3713 794 3776 Galliam
816 3715 975 3776 mittantur
998 3734 1033 3776 ac
1047 3722 1153 3776 tantae
1167 3733 1226 3775 na-

163 3821 192 3861 so
207 3799 304 3860 tiones
338 3801 564 3881 coniungantur.
614 3798 760 3869 Quintum
790 3801 938 3862 Titurium
966 3800 1113 3863 Sabinum
1139 3801 1226 3882 lega·

206 3894 271 3947 tum
294 3905 360 3947 cum
381 3885 548 3968 legionibus
570 3887 666 3949 tribus
688 3887 720 3948 in
740 3887 881 3962 Unellos,
905 3887 1103 3950 Ouriosolites
1123 3887 1226 3949 Lexo-

206 3971 333 4052 viosque
355 3973 462 4048 mittit,
485 3974 536 4053 qui
559 3993 627 4036 eam
649 3993 770 4037 manum
793 3974 996 4038 distinendam
1011 3984 1103 4038 curet
1131 3973 1225 4037 Deci-
