2616 4492
218 259 264 325 82
547 276 597 323 nn
618 275 736 325 amno
758 274 914 325 assumo

220 433 360 499 pugnans
394 415 545 478 occiditur.
589 415 638 479 Illi
670 434 759 496 aegre
785 417 825 480 ad
851 423 969 478 noctem
990 413 1242 496 oppugnationem

222 501 389 576 sustinent3
412 511 502 563 noctu
524 504 564 565 ad
584 521 677 564 unum
699 522 804 564 omnes
826 503 988 582 desperata
1008 501 1108 563 salute
1130 521 1164 564 se
1183 502 1241 583 ipsi

221 588 413 651 interficiunt
457 588 552 651 Pauci
573 609 611 651 ex
631 589 745 670 proelio
767 588 846 668 lapsi
867 587 988 651 incertis
1009 587 1168 651 itineribus
1187 608 1241 669 per

222 675 315 738 silvas
338 676 378 737 ad
401 675 437 736 T.
451 674 619 737 Labienum
642 675 773 756 legatum
794 676 825 737 in
846 675 974 737 hiberna
994 675 1174 755 perveniunt
1188 684 1239 738 at-

191 781 279 843 eqne
301 780 369 823 enm
391 763 429 823 de
451 762 540 824 rebus
563 762 654 842 gestis
677 761 834 823 certiorem
855 761 976 823 iaciunt

177 853 212 907 38
285 847 353 909 Hac
378 847 505 909 victoria
532 848 668 910 sublatus
696 847 857 910 Ambiorix
883 846 988 909 statim
1013 866 1081 909 cum
1104 846 1240 927 equitatu

220 934 253 997 iu
274 933 468 1009 Aduatucos,
492 935 543 1015 qui
565 945 653 996 erant
675 934 739 996 eius
761 953 852 1015 regno
871 933 1005 1006 finitimi,
1027 933 1238 1014 proficiscitur3

220 1039 318 1101 neque
351 1029 469 1082 noctem
497 1040 592 1101 neque
620 1021 699 1083 diem
725 1019 899 1082 intermittit
924 1020 1150 1101 peditatumque
1171 1039 1239 1082 sese

221 1106 365 1187 subsequi
391 1105 484 1169 iubet
528 1107 574 1168 Re
602 1109 810 1169 demonstrata
830 1106 1059 1186 Aduatucisque
1081 1104 1238 1168 concitatis

177 1221 207 1261 ro
220 1200 344 1274 postero
378 1191 427 1254 die
458 1193 489 1254 in
516 1193 806 1274 Nerviosperveuit
826 1194 1038 1273 hortaturque,
1072 1211 1110 1253 ne
1135 1192 1183 1255 sui
1207 1192 1240 1255 in

219 1288 398 1360 perpetuum
431 1279 578 1342 liberandi
611 1290 701 1360 atque
734 1279 894 1342 ulciscendi
919 1279 1075 1343 Romanos
1101 1297 1156 1359 pro
1183 1278 1237 1354 iis,

220 1384 296 1447 quas
318 1366 503 1446 acceperint,
526 1365 642 1429 iniuriis
665 1366 849 1429 occasionem
871 1366 1038 1428 dimittant:
1064 1364 1239 1428 interiectos

220 1471 290 1515 osse
320 1451 437 1535 legatos
464 1453 541 1515 duos
569 1472 767 1534 magnamque
788 1460 906 1533 partem
928 1451 1076 1514 exercitus
1097 1451 1239 1515 interisse

221 1539 424 1612 demonstran
448 1538 521 1600 nihil
544 1559 611 1600 esse
633 1539 745 1620 negotii
767 1538 865 1600 subito
888 1557 1065 1618 oppressam
1079 1536 1237 1618 legionem,

175 1652 203 1693 rs
219 1643 298 1706 quas
318 1644 385 1687 com
408 1624 550 1688 Cicerone
571 1625 696 1702 hiemet,
718 1625 859 1698 interfici3
882 1644 915 1686 se
936 1626 976 1687 ad
998 1643 1066 1687 eam
1087 1642 1150 1686 rem
1165 1642 1239 1704 pro-

218 1712 322 1775 fitetur
344 1711 520 1774 adiutorem.
565 1712 667 1773 Facile
687 1710 747 1773 hac
768 1711 904 1773 oratione
924 1710 1046 1773 Nerviis
1065 1711 1237 1791 persuadet.

175 1798 325 1879 serraque
347 1798 505 1860 confestim
528 1798 661 1861 dimissis
683 1797 796 1860 nuntiis
820 1799 859 1860 ad
881 1797 1064 1871 Ceutrones,
1087 1795 1236 1873 Grudios,

217 1883 371 1958 Levacos,
398 1885 607 1960 Pleumoxios‚
631 1883 832 1958 Geidumnos,
856 1883 907 1964 qui
928 1903 1032 1946 omnes
1054 1883 1111 1945 sub
1133 1902 1237 1945 eorum

217 1967 343 2049 imperio
378 1981 463 2044 suut,
497 1990 587 2050 quam
614 1972 762 2034 maximas
789 1990 896 2033 manus
922 1977 1050 2050 possunt
1074 1977 1184 2050 cogunt
1206 1977 1238 2031 et

174 2082 203 2121 no
218 2056 255 2118 de
281 2055 445 2134 improviso
468 2058 508 2118 ad
529 2057 681 2119 Ciceronis
703 2058 829 2120 hiberna
849 2056 1007 2130 advolant,
1035 2057 1170 2118 nondum
1195 2057 1237 2119 ad

218 2160 287 2202 eum
319 2143 403 2204 fama
430 2143 468 2204 de
496 2143 605 2205 Titurii
627 2152 723 2206 morte
744 2142 872 2223 perlata.
914 2143 994 2223 Huic
1015 2160 1131 2223 quoque
1153 2140 1235 2205 occi-

218 2226 278 2301 dit,
307 2229 387 2308 quod
407 2229 465 2289 fuit
486 2247 623 2303 necesse,
651 2239 685 2291 ut
706 2230 843 2292 nonnulli
864 2229 990 2303 milites,
1019 2229 1070 2309 qui
1090 2227 1236 2310 lignatio-

217 2313 264 2376 nis
287 2313 519 2395 munitionisque
542 2335 635 2377 causa
655 2315 687 2377 in
709 2315 803 2377 silvas
826 2316 1051 2390 discessissent,
1078 2314 1235 2396 repentino

218 2399 352 2481 equitum
374 2402 507 2462 adventu
529 2401 785 2482 interciperentur.
828 2402 872 2464 Iis
894 2400 1101 2464 circumventis
1123 2420 1236 2482 magna

173 2512 201 2553 as
216 2506 308 2548 mauu
329 2485 504 2560 Eburones,
530 2487 652 2564 Nervii,
685 2488 838 2550 Aduatuci
859 2497 951 2570 atque
972 2489 1078 2551 horum
1101 2487 1235 2550 omnium

217 2572 291 2634 socii
323 2581 354 2634 et
387 2573 511 2635 clientes
538 2572 686 2655 legionem
714 2594 886 2655 oppugnare
917 2574 1074 2656 incipiunt.
1126 2573 1235 2636 Nostri

217 2658 353 2721 celeriter
374 2660 413 2721 ad
436 2679 523 2721 arma
544 2669 736 2735 concununt,
759 2661 872 2724 vallum
888 2662 1098 2723 conscendunt
1130 2659 1234 2741 Aegre

216 2743 243 2806 is
266 2744 329 2806 dies
352 2753 549 2820 sustentatur,
573 2749 653 2828 quod
674 2766 791 2810 omnem
813 2766 896 2828 spem
915 2748 1019 2810 hostes
1033 2747 1066 2809 in
1080 2745 1234 2809 celeritate

216 2831 371 2910 ponebant
404 2840 494 2912 atque
527 2834 605 2895 hanc
637 2833 739 2914 adepti
763 2834 920 2896 victoriam
946 2833 978 2895 in
1000 2842 1177 2915 perpetuum
1198 2851 1233 2896 se

172 2918 279 2978 sorore
311 2917 440 2979 victores
474 2920 672 2982 confidebant.
726 2920 890 2982 Mittuntur
910 2921 950 2982 ad
972 2920 1134 2982 Caesarem
1156 2936 1233 2981 oon·

172 3031 194 3068 ar
215 3003 316 3066 festim
339 3006 377 3066 ab
400 3004 541 3067 Cicerone
563 3006 681 3069 litterae
703 3007 818 3085 magnis
840 3007 1003 3088 propositis
1023 3004 1181 3087 praemiis,
1205 3006 1233 3067 si
1286 3056 1292 3069 .

215 3090 425 3170 pertulissent:
462 3092 594 3155 obsessis
627 3093 763 3156 omnibus
795 3093 853 3156 viis
881 3093 967 3156 missi
994 3091 1232 3172 intercipiuntur.

213 3177 312 3239 Noctu
335 3196 372 3238 ex
394 3179 536 3253 materia,
559 3199 647 3260 quam
664 3180 836 3242 munitionis
852 3199 943 3241 causa
958 3187 1232 3260 comportaverant,

213 3272 309 3327 turres
331 3266 492 3326 admodum
515 3281 589 3327 cxx
605 3266 773 3329 excitantur
785 3267 950 3329 incredibili
964 3266 1130 3338 celeritate;
1153 3283 1232 3344 quae

168 3375 196 3413 os
213 3351 317 3412 deesse
340 3351 423 3429 operi
445 3351 635 3427 videbantur,
657 3353 858 3433 perficiuntur.
901 3354 1017 3415 Hostes
1038 3359 1159 3433 postero
1182 3351 1232 3412 die

211 3436 305 3499 multo
334 3437 498 3500 maioribus
521 3439 631 3501 coactis
654 3439 746 3519 copiis
769 3449 870 3501 castra
892 3448 1081 3520 oppugnant,
1113 3439 1231 3500 fossam

212 3523 368 3602 complent.
412 3524 526 3586 Eadem
554 3526 686 3598 ratione,
721 3545 781 3604 qua
806 3525 916 3605 pridie,
951 3528 991 3588 ab
1018 3523 1128 3587 uostris
1150 3523 1230 3585 resi-

211 3607 310 3669 stitur.
347 3610 414 3670 Hoc
435 3610 512 3672 idern
535 3611 656 3692 reliquis
679 3611 819 3691 deinceps
841 3613 876 3674 fit
897 3613 1012 3674 diebus.
1048 3609 1142 3674 Nulla
1154 3629 1229 3690 pars

211 3695 348 3756 nocturni
381 3697 524 3776 temporis
552 3699 592 3758 ad
619 3697 752 3759 laborem
773 3697 996 3772 intermittitur;
1030 3718 1091 3760 non
1113 3695 1228 3776 aegris,

74 3814 77 3819 ·
166 3804 196 3842 so
211 3798 271 3840 non
303 3779 468 3843 vulneratis
502 3784 629 3844 facultas
663 3784 770 3863 quietis
798 3786 895 3848 datur.
945 3783 1159 3863 Quaecumque
1186 3784 1228 3846 ad

210 3865 337 3945 proximi
365 3866 422 3928 diei
445 3869 697 3949 oppugnationem
719 3890 794 3950 opus
820 3880 906 3945 sunt,
934 3880 1025 3933 noctu
1046 3887 1229 3950 comparan-

208 3960 274 4024 tur;
308 3950 419 4012 multae
440 3965 600 4033 praeustae
622 3957 727 4031 sudes,
760 3977 886 4041 magnus
913 3956 1074 4021 muralium
1096 3955 1228 4037 pilorum
