2616 4492
1116 238 1155 283 xl

129 398 199 444 reor,
232 398 267 432 ne
295 392 318 430 x
346 380 382 432 ad
411 384 557 448 utrumque
584 378 687 448 pariter
713 395 854 433 numerum
880 381 1031 449 pertineat,
1065 383 1105 436 ita
1125 388 1157 435 ut

131 473 258 538 quartam
280 464 433 533 (decimam)
456 471 485 517 et
506 471 610 518 sextam
633 466 764 519 decimam
780 465 820 518 illi
836 468 964 519 efferendi
980 468 1041 521 sint.
1078 471 1157 532 Quod

132 554 182 615 45,
200 553 237 605 41
264 553 292 604 in
313 551 436 605 Parisino
460 551 590 619 scriptum
618 557 660 604 est
686 552 815 622 scopolt's,
849 553 875 605 in
906 554 1002 606 ceteris
1024 557 1157 624 scopulis,

133 639 258 693 omnibus
286 637 487 690 intolerandum
508 637 597 690 visum
619 642 675 704 est;
706 639 884 709 significatam
907 658 966 692 esse
987 646 1079 693 autem
1102 658 1158 693 ma·

134 725 258 787 chinam,
294 741 349 794 qua
377 723 404 776 in
433 723 523 775 navali
545 723 649 792 proelio
671 725 707 776 ad
729 725 847 777 hostiurn
870 741 953 778 naves
975 727 1158 795 corripiendas

134 817 279 864 uterentur
300 808 429 870 Romani,
452 826 530 861 nemo
546 827 600 862 non
616 810 764 880 intellegit;
788 813 1034 880 quamobremuna
1049 815 1161 881 dempta

134 899 230 952 littera
258 896 363 966 copulis
390 895 471 947 hodie
499 897 703 948 commendatur
725 897 760 949 ab
783 897 939 950 editoribus.
984 903 1022 952 At
1043 901 1160 951 vocabu-

135 985 194 1037 lum
217 983 331 1052 copulae
352 981 392 1034 ita
413 987 590 1049 usurpatum,
612 987 644 1033 ut
666 982 797 1034 eiusmodi
819 985 1041 1052 apprehendendi
1063 986 1161 1037 instru-

136 1075 260 1124 mentum
282 1068 455 1139 significetur‚
484 1067 510 1119 in
533 1067 630 1120 litteris
653 1068 758 1131 latinis,
781 1071 853 1137 quod
877 1070 973 1131 sciam,
1000 1088 1053 1123 non
1075 1088 1162 1141 appa·

137 1162 188 1210 ret.
232 1154 327 1222 Neque
349 1171 413 1207 vero
436 1153 459 1206 is
481 1169 556 1214 sum,
578 1153 624 1221 qui
647 1171 744 1224 negem
767 1173 826 1208 esse
850 1172 896 1217 ea,
918 1174 989 1224 quae
1013 1158 1120 1210 omnino
1137 1157 1163 1209 in

137 1242 251 1304 litteris,
285 1257 355 1311 quae
389 1245 559 1303 manserunt,
593 1241 776 1294 Romanorum
803 1259 937 1311 nusquam
965 1242 1015 1295 nisi
1048 1244 1163 1314 singulis

139 1330 215 1397 apud
249 1329 390 1381 Caesarem
419 1325 483 1378 locis
512 1325 692 1388 inveniantur,
726 1327 806 1380 immo
836 1328 953 1381 arbitror
975 1329 1002 1380 id
1025 1330 1114 1398 ipsum
1137 1329 1164 1380 in

139 1414 258 1483 scopolis
279 1430 331 1466 usu
353 1412 452 1464 venire.
496 1414 582 1466 Nulla
609 1412 680 1465 enim
702 1412 800 1466 idonea
822 1431 905 1467 causa
926 1415 1038 1483 reperiri
1060 1421 1165 1484 potest,

141 1517 190 1553 cur
212 1500 234 1552 si
257 1499 361 1569 copulis
383 1499 493 1562 fuisset,
516 1499 567 1550 hoc
589 1515 643 1550 non
664 1499 752 1551 solum
775 1500 802 1551 in
823 1501 943 1569 scapulla
964 1502 1010 1552 sed
1035 1502 1117 1554 etiarn
1139 1500 1166 1552 in

141 1586 272 1656 scopolis,
302 1585 373 1654 quod
397 1584 506 1653 quidem
528 1584 681 1637 inauditum
703 1590 787 1647 esset,
822 1584 849 1636 in
872 1586 963 1638 codice
985 1586 1105 1639 omnium
1124 1586 1166 1638 r'n·

142 1671 288 1744 tegerrimo
311 1675 463 1723 mutaretur
471 1664 500 1736 ³).
544 1671 663 1723 Additur
680 1670 773 1722 littera
794 1688 808 1722 s
831 1672 913 1740 longe
936 1671 992 1723 alia
1012 1673 1118 1724 ratione
1140 1671 1168 1723 in

143 1757 219 1811 libris
242 1774 325 1811 manu
347 1756 466 1824 scriptis,
490 1756 524 1807 de
546 1771 601 1823 qua
622 1772 652 1807 re
666 1755 720 1808 vid.
735 1758 786 1808 vol.
802 1771 836 1808 111
850 1775 876 1825 p.
895 1756 930 1808 21
951 1763 979 1808 et
995 1757 1048 1818 50;
1072 1758 1168 1826 quoin

144 1844 240 1897 libello
269 1842 376 1896 omnino
407 1859 454 1904 ea,
482 1858 553 1910 quae
575 1842 746 1894 emendanda
768 1860 826 1894 esse
849 1842 1073 1905 existimaverim,
1107 1861 1167 1912 per·

145 1929 250 1984 strinxi.
293 1930 325 1982 In
347 1928 436 1980 verbis
458 1933 551 1980 autern
574 1926 711 1995 scriptoris
734 1927 888 1982 litterarum
909 1929 1000 1982 formis
1017 1930 1169 1982 describen-

147 2016 203 2080 dis,
231 2016 302 2083 quod
326 2020 403 2076 ante,
431 2031 513 2082 quam
542 2015 739 2066 adornarentur
765 2020 871 2068 ceterae
897 2022 1004 2084 partes,
1037 2033 1170 2087 peragen-

147 2104 213 2156 dum
239 2101 305 2163 fuit,
339 2100 428 2153 omnia
455 2106 610 2153 constanter
636 2100 726 2152 facere
748 2118 801 2152 non
823 2102 914 2170 potui,
949 2119 981 2155 ac
1008 2119 1088 2172 spero
1114 2103 1171 2155 fore

148 2194 180 2242 ut
207 2187 255 2258 qui
281 2192 404 2256 reputet,
439 2203 521 2257 quam
549 2186 641 2239 multis
665 2188 805 2240 obstructa
825 2204 868 2239 res
890 2188 926 2240 sit
948 2188 1170 2250 difficultatibus,

149 2275 177 2328 in
205 2274 305 2327 malam
327 2278 432 2343 partem
455 2274 482 2326 id
505 2290 560 2325 non
582 2272 783 2342 interpretetur.
826 2273 965 2326 Nonnulla
986 2274 1172 2344 igitur'corri·

149 2363 249 2432 ganda,
262 2359 404 2414 reservavi.
448 2364 490 2413 Ac
511 2359 593 2411 timeo
615 2376 649 2410 ne
672 2358 792 2411 tenacior
812 2359 907 2412 videar
929 2377 1036 2422 eorum,
1058 2361 1173 2430 quaein

150 2447 199 2500 PR
221 2447 356 2516 legantur.
399 2443 444 2500 Ex
466 2445 565 2515 quibus
588 2444 693 2496 etiamsi
715 2444 769 2497 sint
784 2461 831 2507 ea,
854 2462 925 2513 quae
940 2447 1093 2500 accuratius
1109 2463 1173 2499 exa·

99 2592 105 2601 ,
150 2532 256 2586 minata
276 2531 390 2584 forsitan
411 2531 522 2583 retineri
543 2548 597 2583 non
618 2530 736 2599 possint,
759 2536 864 2592 tamen,
887 2549 948 2584 cum
962 2550 1012 2600 per
1027 2535 1174 2597 humanam

151 2618 365 2672 imbecillitatem
397 2635 451 2669 non
479 2617 560 2669 liceat
585 2617 613 2669 in
641 2616 712 2669 omni
739 2633 769 2669 re
796 2617 1020 2686 aequabilitatem
1052 2635 1175 2680 servare,

152 2704 305 2757 istiusmodi
331 2703 460 2756 lectiones
489 2704 676 2772 temptandas,
710 2707 742 2754 ut
764 2703 803 2756 ita
826 2704 927 2766 dicam,
960 2704 1060 2758 stitisse
1087 2705 1176 2758 minus

153 2791 211 2843 sine
238 2789 321 2841 dubio
348 2791 508 2841 damnosum
531 2795 572 2842 est
594 2788 736 2857 minusque
758 2789 968 2858 vituperandum
990 2808 1072 2859 quam
1094 2790 1177 2844 nimia

153 2874 295 2928 celeritate
328 2891 399 2942 quae
433 2874 535 2925 tradita
568 2880 659 2926 essent
686 2874 816 2928 reiecisse.
861 2878 905 2929 Ad
931 2876 993 2930 illas
1015 2879 1132 2930 tuendas
1154 2877 1177 2929 si

155 2961 219 3032 quid
244 2959 364 3011 conferre
386 2962 495 3026 potero,
524 2958 551 3009 id
573 2959 601 3010 in
622 2959 678 3012 alia
699 2965 779 3028 parte
801 2961 890 3029 operis
913 2962 970 3029 (IIL
988 2962 1017 3025 2)
1041 2963 1178 3016 exhibitu·

154 3064 201 3100 rus
223 3062 290 3098 sum.
334 3044 413 3097 Prius
435 3048 527 3095 tamen
549 3059 609 3096 eam
630 3050 736 3111 partem
760 3046 803 3113 (II.
822 3046 865 3112 2),
888 3065 959 3116 quae
981 3049 1117 3101 codicibus
1133 3050 1179 3100 de-

156 3131 304 3185 scribendis
326 3147 358 3183 ac
380 3127 559 3198 diiudicandis
582 3128 655 3181 dicta
677 3135 732 3191 est,
756 3131 900 3202 divulgare
922 3133 1019 3203 cogito.

156 3243 355 3254 ---—--

230 3291 247 3352 ⁷)
265 3295 306 3341 An
325 3291 413 3342 credas
432 3291 562 3352 scopolum
581 3289 649 3338 istud
667 3295 719 3337 tam
738 3289 875 3338 absurdum
894 3304 962 3346 esse,
990 3297 1020 3337 ut
1037 3289 1126 3352 lingua
1144 3291 1180 3337 la-

158 3363 214 3410 tina
236 3361 369 3426 indignum
393 3357 442 3409 sit?
477 3359 666 3408 Difficillimum
685 3373 746 3406 sane
764 3357 811 3406 hoc
830 3359 877 3405 erit
894 3359 1006 3420 probatu.
1042 3355 1180 3406 Econtra·

159 3432 213 3488 rio,
240 3432 292 3478 sive
317 3434 423 3494 cognata
449 3430 524 3476 verba
549 3427 686 3490 respexeris
712 3431 829 3490 (scopus,
847 3424 984 3488 scopatae,
1003 3438 1106 3487 scopos,
1125 3427 1140 3472 i.
1160 3441 1181 3475 e.

160 3499 258 3561 scopio,
277 3497 335 3561 cet.)
353 3499 406 3546 sive
424 3498 571 3546 inferiorum
585 3504 725 3560 temporum
739 3494 895 3543 consulueris
908 3499 1074 3542 monumenta
1085 3493 1182 3543 littera-

159 3583 229 3623 rum,
258 3567 341 3614 multa
367 3572 396 3614 ut
422 3565 448 3613 id
475 3580 566 3614 nornen
590 3565 764 3627 comprobetur
791 3563 942 3611 suadebunt.
978 3561 1094 3610 Plurima
1115 3570 1182 3614 certo

161 3637 234 3684 istius
253 3635 351 3699 generis
370 3639 442 3682 erant
460 3635 686 3683 instrumentorum
704 3631 809 3680 nomina
826 3631 996 3688 diversorum,
1014 3631 1182 3696 harpagones,

161 3703 257 3752 ferreae
280 3718 384 3759 manus,
412 3703 492 3760 corvi,
519 3703 590 3760 unci,
617 3702 694 3750 falces
717 3700 774 3761 (vid.
794 3699 915 3748 Muetzell
934 3700 966 3749 ad
985 3698 1054 3748 Curt.
1073 3714 1109 3755 rv,
1131 3700 1184 3759 16),

161 3773 276 3820 manicae
299 3771 376 3834 (quod
394 3775 477 3819 exstat
495 3772 562 3832 apud
580 3771 731 3828 Lucanum).
768 3769 880 3817 Facilius
904 3769 1012 3831 denique
1032 3769 1138 3831 scopolis
1158 3771 1184 3816 in

163 3840 287 3902 scopulis,
315 3841 407 3902 quippe
433 3840 498 3902 quod
521 3841 606 3888 notius
630 3846 711 3896 esset,
739 3842 866 3885 mutatum
889 3852 964 3900 quam
984 3836 1185 3886 contrafactum

163 3923 219 3957 esse
238 3908 397 3956 arbitramur.
434 3906 513 3955 Plura
530 3907 560 3955 de
579 3907 626 3956 hac
645 3922 672 3956 ro
689 3908 715 3954 in
735 3905 835 3955 scholiis
855 3906 978 3955 dabimus.
