2616 4492
996 222 1021 255 ⁴2

214 283 258 347 88
542 300 590 347 nn
612 300 730 349 annno
754 300 910 349 caturco

216 439 299 501 latur
320 447 355 502 et,
373 439 545 500 confirmat:
569 441 649 520 quod
671 439 882 502 detrimentum
905 441 992 519 culpa
1015 448 1049 501 et
1069 441 1240 502 temeritate

217 525 311 605 legati
335 524 376 586 sit
399 534 570 605 acceptum,
594 526 651 587 hoc
673 526 814 605 aequiore
837 527 936 588 animo
958 527 1118 587 ferundum
1139 528 1240 601 docet,

220 612 301 691 quod
323 611 468 672 beneficio
491 612 614 672 deorum
636 611 847 675 immortalium
871 622 902 674 et
922 613 1035 673 virtute
1059 632 1160 674 eorum
1184 633 1239 674 ex-

219 697 304 778 piato
337 697 523 759 incommodo
558 718 654 779 neque
687 698 824 760 hostibus
853 689 969 761 diutina
996 699 1117 760 laetatio
1146 719 1242 780 neque

191 783 295 864 aipsis
318 782 434 863 longior
456 784 541 845 dolor
563 785 758 864 relinquatur.

70 888 73 893 ·
180 872 214 924 53
286 869 411 931 Interim
435 871 475 930 ad
494 870 664 932 Labienum
686 890 739 951 per
760 870 873 932 Remos
894 869 1063 932 incredibili
1085 868 1241 931 celeritate

223 958 260 1019 de
281 956 410 1017 victoria
431 955 572 1018 Caesaris
594 959 678 1019 fama
698 959 856 1037 perfertur,
885 967 928 1030 ut,
957 976 1023 1018 cum
1046 957 1085 1018 ab
1107 956 1241 1018 hibernis

222 1041 374 1104 Ciceronis
402 1042 484 1104 milia
511 1063 655 1122 passuum
678 1045 799 1105 abesset
821 1043 935 1105 circiter
956 1059 1021 1117 Lx,
1051 1061 1145 1121 eoque
1172 1050 1243 1123 post

222 1129 328 1190 horam
350 1147 460 1189 nonam
483 1129 541 1191 diei
564 1130 678 1191 Caesar
700 1129 903 1209 pervenisset,
927 1138 997 1191 ante
1019 1129 1148 1189 mediam
1168 1148 1240 1189 noc-

180 1237 209 1277 ιο
223 1224 285 1277 tem
318 1215 357 1276 ad
389 1223 493 1295 portas
521 1224 688 1277 castrorum
714 1215 826 1277 clamor
848 1224 991 1289 oreretur,
1026 1234 1084 1295 quo
1112 1214 1241 1276 clamore

224 1300 401 1382 significatio
428 1301 572 1363 victoriae
600 1301 823 1382 gratulatioque
845 1304 884 1364 ab
906 1301 1010 1364 Remis
1032 1300 1166 1362 Labieno
1188 1302 1243 1362 fie-

223 1397 279 1451 ret.
324 1387 392 1448 Hac
423 1388 505 1449 fama
532 1390 572 1449 ad
599 1389 747 1450 Treveros
774 1388 895 1468 perlata
920 1386 1158 1459 Indutiomarus,
1192 1387 1244 1467 qui

222 1483 344 1555 postero
378 1473 425 1535 die
452 1483 553 1536 castra
579 1474 708 1536 Labieni
734 1494 906 1555 oppugnare
934 1476 1120 1547 decreverat,
1153 1481 1243 1535 noctu

223 1560 356 1641 profugit
378 1559 537 1640 copiasque
560 1580 662 1623 omnes
684 1561 716 1623 in
738 1562 885 1623 Treveros
908 1559 1029 1621 reducit.

181 1668 209 1707 re
290 1645 405 1707 Caesar
431 1646 560 1708 Fabium
588 1667 654 1709 cum
682 1668 738 1709 sua
764 1647 881 1728 legione
901 1647 1027 1707 remittit
1048 1646 1080 1707 in
1101 1645 1243 1719 hiberna,

224 1733 290 1813 ipse
323 1751 389 1793 cum
422 1732 517 1794 tribus
551 1733 716 1814 legionibus
745 1734 854 1795 circum
882 1732 1128 1795 Samarobrivam
1155 1731 1243 1793 trinis

224 1819 357 1881 hibernis
384 1817 516 1881 hiemare
544 1820 700 1882 constituit
722 1830 765 1894 et,
800 1821 880 1901 quod
901 1819 980 1880 tanti
1003 1828 1101 1880 motus
1125 1816 1244 1880 Galliae

225 1905 420 1978 exstiterant,
443 1914 540 1967 totam
561 1907 689 1969 hiemem
710 1907 776 1986 ipse
798 1908 838 1968 ad
859 1905 1020 1967 exercitum
1043 1923 1165 1966 manere
1188 1905 1243 1966 de-

226 1991 329 2052 crevit.
383 1991 463 2052 Nam
495 1992 547 2053 illo
580 1992 766 2054 incommodo
799 1994 836 2054 de
868 1991 974 2053 Sabini
1001 2000 1096 2052 morte
1124 1991 1243 2071 perlato

184 2091 212 2129 ω
227 2096 330 2138 omnes
358 2078 420 2138 iere
443 2075 725 2165 Galliae‘civitates
749 2078 885 2141 debello
908 2076 1136 2151 consultabant,
1165 2097 1245 2138 nun-

226 2161 285 2223 tios
318 2161 540 2243 legationesque
565 2164 597 2224 in
625 2183 728 2226 omnes
755 2173 857 2243 partes
880 2164 1073 2225 dimittebant
1099 2172 1144 2237 et,
1174 2164 1245 2243 quid

226 2247 331 2327 reliqui
364 2248 480 2310 consilii
514 2258 653 2329 caperent
685 2258 784 2331 atque
802 2252 881 2311 nude
908 2250 1027 2312 initium
1048 2249 1120 2312 belli
1142 2251 1243 2323 fieret,

227 2334 426 2413 explorabant
458 2343 661 2415 nocturnaque
687 2335 719 2397 in
746 2336 819 2397 locis
847 2337 976 2398 desertis
1003 2335 1129 2397 coucilia
1149 2336 1245 2397 habe-

226 2421 312 2482 bant
360 2421 465 2500 Neque
488 2421 579 2483 ullum
602 2423 665 2483 fere
685 2422 778 2483 totius
801 2423 1048 2501 hiemis·tempus
1071 2422 1134 2483 sine
1157 2423 1244 2484 solli-

185 2521 213 2560 2³
226 2506 357 2569 titudine
380 2506 521 2569 Caesaris
544 2508 726 2581 intercessit,
750 2509 821 2588 quin
843 2509 971 2589 aliquem
995 2510 1032 2569 de
1054 2507 1186 2570 consiliis
1209 2528 1245 2570 ac

227 2601 311 2654 motu
334 2591 491 2680 Gallorum
513 2594 649 2656 nuntium
672 2595 826 2675 acciperet.
868 2596 905 2657 In
927 2595 973 2656 his
996 2596 1035 2656 ab
1057 2594 1093 2655 L.
1109 2594 1243 2669 Roscio,

227 2688 315 2758 quem
348 2678 456 2760 legioni
489 2680 597 2741 tertiae
630 2682 760 2743 decimae
786 2682 987 2762 praefecerat,
1015 2681 1123 2742 certior
1148 2682 1244 2743 factus

227 2773 276 2826 est
302 2784 428 2846 magnas
451 2765 607 2828 Gallorum
630 2767 731 2848 copias
754 2788 856 2829 earum
880 2768 1050 2841 civitatum,
1080 2787 1157 2847 quae
1177 2767 1243 2829 Ar-

227 2851 356 2912 moricae
379 2853 579 2932 appellantur,
603 2854 793 2933 oppugnandi
815 2855 861 2915 sui
883 2873 976 2915 causa
998 2854 1173 2938 convenisse
1188 2874 1244 2916 ne-

187 2952 214 2991 w
228 2956 285 3017 que
312 2937 429 3018 longius
457 2940 540 3002 milia
561 2955 703 3019 passuum
727 2949 792 3002 octo
815 2941 854 3002 ab
876 2940 1009 3002 hibernis
1031 2940 1094 3001 suis
1117 2941 1243 3014 afuisse,

229 3024 282 3084 sed
314 3026 419 3087 nuntio
446 3025 539 3088 allato
567 3027 604 3087 de
633 3026 759 3088 victoria
781 3026 922 3089 Caesaris
944 3026 1134 3098 discessisse,
1168 3029 1243 3089 adeo

186 3117 261 3170 scut
281 3111 368 3191 fugae
390 3113 495 3174 similis
518 3113 670 3186 discessus
690 3114 850 3175 videretur.
894 3113 941 3174 At
961 3112 1076 3175 Caesar
1097 3112 1243 3192 principi-

227 3196 284 3257 bus
318 3198 459 3277 cuiusque
492 3199 621 3262 civitatis
655 3201 695 3261 ad
727 3221 760 3262 se
793 3199 925 3262 evocatis
959 3199 1034 3260 alias
1062 3199 1243 3274 territando,

228 3301 293 3344 curn
322 3303 355 3344 se
384 3285 459 3347 scire
481 3305 558 3366 quae
581 3287 689 3347 fierent
713 3286 920 3358 denuntiaret,
955 3285 1032 3347 alias
1058 3286 1243 3354 cohortando

186 3390 214 3429 aa
228 3388 368 3450 magnam
395 3381 511 3451 partem
540 3371 660 3433 Galliae
682 3372 713 3432 iu
737 3372 831 3434 officio
854 3371 958 3433 tenuit
1003 3373 1119 3434 Tamen
1143 3371 1243 3434 Seno-

228 3474 296 3529 nes,
321 3476 397 3536 quae
420 3459 596 3525 estcivitas
618 3459 753 3537 inprimis
776 3459 864 3519 firma
886 3466 917 3518 et
926 3467 1056 3538 'magnae
1071 3459 1150 3519 inter
1165 3457 1243 3520 Gal-

226 3541 273 3603 los
296 3543 499 3616 auctoritatis,
528 3545 724 3618 Cavarinum,
753 3564 840 3624 quem
868 3543 983 3605 Caesar
1011 3546 1090 3624 apud
1117 3563 1168 3606 eos
1191 3564 1243 3605 re-

193 3676 201 3691 „
227 3647 293 3706 gem
316 3629 513 3692 constituerat
525 3631 636 3711 alcuius
657 3632 753 3691 frater
773 3630 957 3710 Moritasgus
972 3633 1104 3692 adventu
1118 3632 1150 3693 in
1165 3626 1244 3693 Gal-

195 3776 198 3782 ,
227 3712 299 3773 liam
323 3713 461 3777 Caesaris
485 3717 624 3797 cuiusque
648 3715 776 3777 maiores
799 3736 922 3797 regnum
946 3717 1164 3801 obtinuerant),
1193 3718 1245 3778 in-

185 3824 214 3861 ro
228 3799 362 3861 terficere
384 3802 502 3880 publico
525 3802 647 3865 consilio
669 3802 785 3876 conati,
809 3822 873 3864 cum
895 3803 945 3865 ille
968 3805 1187 3883 praesensisset
1208 3823 1244 3866 ac

227 3887 424 3966 profugisset,
459 3906 553 3970 usque
586 3890 625 3950 ad
658 3889 733 3949 fines
755 3888 882 3951 insecuti
904 3910 994 3969 regno
1018 3892 1164 3972 domoque
1187 3910 1243 3951 ex-

227 3972 367 4053 pulerunt
389 3984 421 4036 et
441 3976 542 4039 missis
565 3976 604 4038 ad
626 3974 790 4038 Caesarem
813 3977 1020 4039 satisfaciundi
1042 3987 1135 4040 causa
1156 3977 1243 4058 lega-
