2616 4492
215 264 279 329 120
542 278 591 325 nn
613 279 731 327 amno
755 279 911 327 uannrco

215 438 284 501 gam
311 427 436 480 naturae
464 428 495 481 et
521 418 632 481 virium
653 418 812 481 infirmitas
835 418 1002 499 impediret
1044 416 1108 480 Ubi
1129 437 1180 479 eos
1202 417 1236 479 in

214 505 368 568 sententia
400 513 537 586 perstare
566 506 722 580 viderunt,
756 506 835 585 quod
860 505 1034 585 plerumque
1061 503 1094 565 in
1116 523 1235 565 summo

214 591 347 671 periculo
380 592 470 653 timor
502 591 737 653 misericordiam
760 611 819 652 non
842 592 962 672 recipit,
991 589 1177 652 conclamare
1205 598 1237 655 et

216 678 385 758 significare
409 679 445 740 de
467 679 538 759 iuga
559 678 706 745 Romanis
730 687 899 758 coeperunt.
945 675 1013 747 Quo
1035 678 1143 738 timore
1164 695 1236 756 per-

185 765 314 830 sterriti
342 763 440 837 Galli,
468 784 505 825 ne
533 765 571 825 ab
594 764 730 844 equitatu
751 765 958 827 Romanorum
980 762 1048 825 viae
1070 782 1237 844 praeoccu-

214 859 370 930 parentur,
394 851 517 912 consilio
541 850 728 914 destiterunt.

172 935 206 988 27
280 935 407 998 Postero
442 937 490 998 die
518 936 633 998 Caesar
659 945 799 1017 promota
827 934 902 997 turri
930 933 1108 1013 directisque
1134 933 1238 1014 operi-

213 1023 287 1095 bus,
322 1042 399 1103 quae
431 1024 529 1085 faeere
563 1023 752 1096 instituerat,
787 1041 894 1102 magno
922 1029 1024 1082 coorto
1052 1019 1148 1081 imbre
1175 1039 1237 1082 non

214 1108 350 1176 inutilem
382 1109 461 1170 hano
488 1111 527 1171 ad
554 1109 731 1189 capiendum
759 1108 915 1169 consilium
942 1114 1153 1186 tempestatem
1182 1126 1237 1168 ar-

176 1212 201 1253 ro
214 1195 346 1263 bitratus
369 1204 430 1269 est,
454 1197 533 1276 quod
554 1195 643 1275 paulo
665 1195 813 1256 incautius
836 1193 987 1256 custodias
1009 1193 1042 1254 in
1064 1211 1147 1254 muro
1170 1192 1238 1254 dis-

214 1280 331 1360 positas
358 1282 496 1355 videbat,
525 1301 655 1366 suosque
677 1280 847 1361 languidius
869 1281 901 1342 in
923 1298 1012 1358 opere
1033 1278 1150 1340 versari
1170 1278 1238 1341 ins-

215 1366 257 1430 sit
290 1375 333 1441 et,
368 1368 439 1448 quid
466 1368 530 1430 fieri
557 1368 666 1440 vellet,
700 1367 839 1429 ostendit
888 1365 1128 1446 Legionibusque
1155 1365 1239 1428 intra

215 1452 321 1520 vineas
348 1454 379 1515 in
408 1455 521 1516 occulto
545 1453 691 1533 expeditis
713 1454 900 1527 cohortatus,
929 1462 964 1514 ut
991 1451 1153 1532 aliqnando
1180 1472 1237 1532 pro

214 1540 309 1602 tantis
343 1540 496 1602 laboribus
529 1542 657 1602 fructum
691 1539 835 1602 victoriae
861 1539 1064 1619 perciperent,
1098 1538 1153 1611 iis,
1187 1538 1239 1619 qui

178 1626 304 1706 ltprimi
332 1646 447 1689 murum
475 1627 697 1701 ascendissent,
730 1625 866 1706 praemia
891 1625 1049 1706 proposuit
1071 1623 1238 1691 militibus-

216 1731 274 1792 qne
303 1712 422 1794 signum
452 1713 543 1776 dedit.
586 1713 636 1779 Illi
658 1711 757 1774 subito
780 1732 818 1777 ex
840 1711 978 1775 omnibus
1000 1710 1137 1792 partibus
1160 1730 1238 1774 evo-

214 1798 354 1864 laverunt
375 1819 551 1881 murumqne
574 1799 708 1863 celeriter
730 1797 960 1878 compleverunt.

172 1887 206 1937 28
279 1885 393 1949 Hostes
420 1906 451 1947 re
478 1906 558 1950 nova
579 1885 732 1966 perterriti
754 1904 838 1947 muro
860 1885 1051 1964 turribusque
1077 1885 1185 1946 deiecti
1206 1885 1240 1950 in

215 1972 280 2035 loro
304 1991 339 2032 ao
361 1971 434 2040 locis
457 1973 678 2052 patentioribus
701 1971 849 2033 cuneatim
872 1970 1070 2033 constiterunt
1092 1972 1149 2033 hoc
1166 1971 1238 2033 ani-

173 2080 202 2121 ao
216 2074 280 2132 mo,
303 2065 352 2132 ut,
376 2059 403 2119 si
425 2078 485 2138 qna
507 2068 651 2138 exparte
673 2058 793 2119 obviam
815 2057 976 2130 veniretur,
1000 2057 1066 2118 acie
1087 2057 1240 2120 instructa

216 2144 429 2222 depugnarent.
473 2145 533 2208 Ubi
566 2144 715 2205 neminem
746 2144 777 2204 in
811 2162 939 2222 aequum
967 2143 1064 2207 locum
1092 2163 1160 2207 sese
1182 2145 1238 2206 de-

216 2227 350 2304 mittere,
375 2231 428 2291 sed
450 2238 515 2292 toto
537 2230 668 2310 undique
691 2248 776 2290 muro
792 2229 986 2294 circumfundi
1000 2229 1156 2304 viderunt,
1180 2250 1237 2292 ve-

215 2313 281 2388 riti,
304 2335 342 2378 ne
365 2316 579 2396 omnino‘spes
600 2317 688 2396 fugae
710 2315 875 2389 tolleretur,
898 2315 1024 2377 abiectis
1046 2316 1139 2378 armis
1161 2316 1238 2378 ulti*

215 2419 282 2461 mas
311 2401 413 2480 oppidi
440 2412 543 2482 partes
566 2401 729 2464 continenti
750 2401 863 2480 impetn
885 2402 1071 2481 petiverunt,
1104 2422 1238 2484 parsque

173 2512 202 2552 ns
215 2485 272 2559 ibi,
306 2507 372 2548 oum
405 2499 535 2569 augusto
569 2488 652 2549 exitu
678 2497 833 2567 portarum
862 2507 895 2549 se
916 2488 975 2568 ipsi
997 2497 1183 2567 premerent,
1217 2509 1238 2550 a

215 2571 375 2647 militibus,
399 2594 470 2655 pars
492 2575 553 2637 iam
577 2594 698 2655 egressa
719 2573 814 2654 portis
837 2575 876 2635 ab
899 2573 1048 2654 equitibus
1072 2585 1120 2636 est
1139 2575 1237 2637 inter-

214 2659 302 2721 fecta.
346 2660 411 2726 Nec
437 2661 494 2722 fuit
516 2661 690 2742 qnisquam,
720 2660 771 2740 qui
792 2661 921 2740 praedae
944 2662 1087 2722 studeret.
1133 2660 1184 2724 Sic
1206 2672 1238 2724 et

216 2744 334 2806 Genabi
366 2749 456 2809 caede
490 2756 521 2808 et
552 2747 654 2808 labore
682 2746 781 2826 operis
809 2745 926 2808 incitati
951 2766 1013 2808 non
1037 2755 1140 2810 aetate
1162 2768 1236 2810 con-

214 2832 316 2906 iectis,
339 2852 398 2894 non
423 2833 614 2907 mulieribus,
637 2853 697 2896 non
719 2833 884 2894 infantibus
905 2842 1109 2913 pepercerunt.
1136 2835 1236 2897 Deni-

174 2944 201 2982 ω
216 2937 273 2997 que
301 2938 339 2980 ex
369 2920 449 2997 omni
475 2939 616 2994 numero,
651 2919 701 2999 qni
728 2919 786 2984 fuit
807 2919 922 2981 circiter
943 2919 1058 2982 milium
1085 2936 1150 2995 xa,
1185 2921 1238 2985 vix

214 3019 323 3079 noco,
357 3006 407 3086 qni
429 3007 524 3087 primo
548 3006 676 3068 clamore
699 3005 802 3076 andito
826 3026 859 3067 se
881 3025 918 3067 ex
940 3006 1050 3086 oppido
1073 3007 1236 3080 eiecerant,

213 3090 378 3154 inoolnmes
414 3093 452 3154 ad
484 3091 760 3173 Vercingetorigem
793 3092 1002 3173 pervenerunt.
1064 3089 1149 3162 Quos
1185 3092 1237 3154 ille

215 3177 312 3240 multa
338 3178 400 3240 iam
423 3188 510 3241 nocte
533 3178 652 3241 silentio
675 3181 747 3260 iuga
769 3179 886 3258 excepit
906 3177 1037 3251 veritus,
1063 3198 1101 3240 ne
1123 3180 1237 3260 quain

215 3264 325 3326 castris
359 3285 397 3326 ex
430 3285 530 3328 eorum
559 3285 703 3328 concursu
731 3274 762 3327 et
789 3264 996 3326 misericordia
1022 3265 1105 3345 vulgi
1127 3266 1237 3333 seditio

174 3378 201 3417 cs
215 3360 359 3425 oreretur,
381 3362 415 3414 ut
436 3352 540 3432 prooul
561 3353 592 3414 in
614 3353 666 3414 via
688 3350 842 3433 dispositis
857 3350 1055 3413 familiaribus
1071 3352 1133 3417 suis
1149 3353 1237 3433 prin-

214 3437 387 3520 cipibusque
420 3439 576 3504 civitatum
606 3439 805 3518 disparandos
836 3437 1081 3519 deducendosque
1103 3440 1144 3500 ad
1165 3459 1237 3500 suos

216 3533 349 3598 curaret,
384 3545 460 3606 qnae
493 3525 596 3606 cuique
629 3523 745 3586 civitati
778 3543 849 3604 pars
883 3533 1050 3586 castrorum
1084 3527 1122 3588 ab
1150 3525 1238 3587 initio

216 3610 391 3673 obvenerat.

171 3699 205 3752 29
279 3695 407 3758 Postero
435 3697 483 3760 die
511 3694 635 3758 concilio
658 3705 822 3759 convocato
845 3695 1017 3758 consolatus
1041 3697 1239 3759 cohortatus-

173 3809 200 3847 ιο
215 3801 270 3861 que
293 3792 354 3856 est,
388 3803 481 3844 nese
505 3783 664 3844 admodum
687 3782 786 3844 animo
809 3783 1016 3861 demitterent,
1051 3805 1088 3844 ne
1115 3791 1238 3864 pertur-

213 3867 359 3930 barentur
390 3869 588 3932 incommodo.
632 3866 703 3929 Non
730 3869 843 3930 virtute
871 3889 965 3949 neque
987 3870 1018 3931 in
1041 3871 1104 3931 acie
1127 3870 1238 3932 vicisse

214 3953 387 4028 Romanos,
410 3957 464 4017 sed
486 3955 611 4018 artificio
634 3956 763 4035 quodam
785 3965 816 4018 et
837 3955 966 4019 scientia
988 3956 1237 4039 oppugnationis,
