2616 4492
474 315 522 364 nn
543 314 821 368 unrnrroumus.
1114 299 1157 366 49

130 475 238 538 quos,
265 453 336 531 139,
352 456 535 537 4016916666
556 464 654 531 totae,
680 458 752 532 134,
770 457 789 518 3
806 474 929 538 maqno
944 452 1058 528 subito,
1084 453 1156 528 144,

130 543 176 604 28
200 562 326 623 quoquo
345 549 455 624 pacto,
482 543 553 618 154,
577 542 619 605 26
643 565 740 606 causa
761 543 865 617 inito,
895 539 966 617 156,
991 541 1031 601 32
1054 561 1157 622 quan-

132 635 209 690 tam
240 629 421 711 imperitam
446 629 581 712 plebem,
619 629 690 704 155,
714 629 756 692 29
779 628 952 709 turmisque
972 633 1159 690 nostrorum

130 715 358 796 interpositis,
391 714 462 790 159,
490 716 529 778 16
551 718 807 780 subsistentibus
828 715 996 798 equitibus,
1023 712 1094 788 162,
1118 713 1158 774 35

129 809 284 884 putruoto
307 811 452 884 accepto,
490 801 561 876 162,
585 803 627 866 40
649 803 861 887 pertinaciam
883 822 1060 883 maqnam,
1086 799 1158 875 166,

136 887 176 950 19
194 908 256 970 per
268 889 367 969 Jtdem
390 890 632 972 interpositam,
659 889 767 966 167,8
789 886 1024 963 uuumillum,
1051 885 1159 962 167,9

133 972 270 1037 nnllam
291 995 387 1057 spem.
432 973 519 1045 Quae
549 977 575 1038 si
597 977 872 1039 consideratissent
894 975 1040 1047 editores,
1069 974 1160 1037 mini·

135 1081 198 1136 me,
230 1061 336 1136 credo,
366 1061 474 1124 haecce
498 1064 734 1145 aequibonique
757 1063 913 1125 iecissent:
948 1061 1001 1136 41,
1025 1062 1067 1123 23
1090 1060 1160 1125 loco

126 1148 303 1232 finitimae
319 1149 523 1230 prouinciae,
549 1149 600 1224 62,
617 1151 637 1212 8
654 1151 798 1213 omnibus
813 1149 962 1212 mernbris
977 1148 1160 1231 expeditis,

138 1234 210 1309 148,
235 1235 254 1294 3
277 1234 334 1296 boc
355 1235 474 1319 ipsum
497 1237 625 1299 crimen.
654 1236 708 1310 Ei,
731 1237 781 1318 qui
797 1236 947 1298 secundae
971 1234 1077 1296 classis
1094 1235 1160 1296 cdd.

135 1321 356 1383 emendatiores
389 1322 534 1398 reddidit,
569 1343 656 1404 quem
686 1324 806 1405 quidem
835 1342 932 1403 pauca
960 1340 1160 1402 eorumquae

135 1409 232 1469 allata
262 1417 333 1469 sunt
359 1409 544 1485 fefellerunt,
568 1411 626 1472 hoc
648 1430 766 1491 quoque
789 1410 889 1471 minus
911 1407 1038 1489 placuit:
1074 1428 1159 1470 eom·

131 1493 341 1576 planitiesque
375 1497 508 1557 treueris
541 1497 712 1578 interfectis
740 1505 768 1560 et
787 1497 952 1578 permanis
974 1495 1028 1575 qui
1050 1492 1162 1556 nullis

136 1582 292 1643 aduersus
312 1602 466 1646 romanos
488 1581 614 1647 assailia
637 1584 832 1666 denepnbant
856 1581 927 1656 165,
953 1581 1002 1643 10.
1041 1580 1161 1644 Similes

136 1669 167 1729 in
202 1667 369 1729 calumnias
404 1670 600 1731 substantiva
633 1672 811 1732 inciderunt.
856 1670 907 1741 71,
934 1667 974 1729 17
1002 1669 1161 1751 tripertito

136 1753 256 1828 milite,
286 1751 337 1829 79,
363 1756 400 1816 31
437 1757 473 1817 in
507 1757 744 1819 dissensionem
773 1755 913 1829 nullam,
943 1754 995 1828 88,
1026 1756 1066 1817 30
1097 1756 1161 1817 mi·

138 1839 229 1903 lium
250 1862 420 1923 passuum,
445 1842 496 1917 89,
521 1845 562 1904 20
586 1844 748 1907 ariouisto
772 1842 866 1917 bello,
890 1842 943 1917 82,
970 1839 1009 1903 14
1031 1841 1162 1924 nepotio

136 1929 255 2002 sabito,
279 1927 320 1989 92
344 1930 385 1989 33
408 1931 515 2012 ipsum
538 1929 662 1992 bellum
682 1929 859 2005 lacesseret,
886 1931 957 2002 113,
973 1928 1011 1989 41
1030 1928 1163 1990 destric-

137 2016 179 2076 tis
196 2017 330 2096 portis,
369 2015 439 2088 138,
464 2015 483 2077 9
506 2018 628 2079 nostris
650 2018 801 2091 animis,
838 2014 954 2091 139,4
984 2015 1163 2078 necessario

136 2102 264 2183 spatio,
302 2101 372 2176 152,
396 2104 437 2163 22
462 2104 577 2165 castris
601 2101 720 2186 palude
742 2111 770 2165 et
791 2102 880 2165 locis
909 2109 1030 2165 natura
1051 2101 1162 2164 muni·-

139 2189 197 2262 tis,
226 2185 287 2248 164
313 2191 347 2250 11
372 2187 504 2270 proelio
530 2188 664 2271 locoque.
709 2191 777 2251 Hae
801 2199 834 2251 ut
856 2189 1025 2270 superiores
1041 2187 1163 2269 plerae-

138 2293 196 2354 que
229 2276 397 2354 pravitates
433 2294 470 2336 ex
503 2276 560 2338 TU
588 2285 723 2338 remotae
753 2286 840 2350 sunt,
876 2277 955 2357 quod
978 2285 1164 2338 tamennon

138 2362 279 2440 impedit,
314 2362 472 2441 quominus
501 2363 531 2423 in
561 2363 650 2437 haec,
680 2383 757 2444 quae
780 2363 913 2425 eiusdem
937 2363 1053 2444 generis
1077 2371 1163 2436 sunt,

137 2448 159 2508 ii
187 2450 364 2510 recurrerint
392 2450 481 2511 vitia:
517 2448 568 2524 36,
593 2450 633 2511 35
658 2451 774 2532 primo
792 2449 881 2532 pilo,
915 2447 967 2524 66,
991 2452 1010 2510 2
1040 2456 1163 2530 quanto

137 2555 250 2610 cursu,
277 2536 347 2607 103,
374 2536 410 2597 11
436 2537 491 2598 116
513 2535 647 2611 insulis,
680 2538 756 2612 145,
781 2537 822 2599 34
852 2539 979 2620 1616966
1002 2537 1164 2609 subsidio,

140 2622 213 2696 152,
238 2621 279 2682 38
301 2621 395 2684 mala
415 2643 502 2696 sors,
530 2622 600 2697 165,
625 2624 667 2686 27
691 2646 762 2686 eum
784 2647 824 2685 m.
848 2624 980 2687 antonio
1004 2630 1165 2704 619166-

139 2709 233 2771 bonio
256 2716 335 2791 etp.
359 2709 482 2770 uobnio
505 2708 611 2785 169616
636 2708 731 2792 (quod
754 2711 784 2771 in
808 2710 841 2770 M
865 2729 983 2791 quoque
1007 2714 1081 2792 est),
1111 2708 1163 2782 68,

140 2797 182 2857 33
204 2795 241 2856 in
263 2795 305 2857 iis
323 2793 419 2877 siliis
446 2796 709 2878 propinquisque,
739 2796 791 2870 61,
815 2795 834 2858 9
857 2795 1092 2876 quaestoribus
1120 2793 1164 2857 le-

136 2882 222 2964 patis
238 2882 474 2964 praefectisque.
520 2879 639 2951 Quibus
663 2883 846 2944 simillimum
871 2890 935 2954 est,
959 2880 1107 2961 quod'l'l,
1127 2882 1165 2942 12

139 2971 171 3030 in
205 2978 331 3048 utroque
365 2988 472 3050 genere
507 2969 639 3030 codicum
669 2969 789 3049 legitur,
824 2970 863 3030 ab
887 2968 1032 3030 omnibus
1055 2966 1166 3051 lopatis

139 3056 439 3137 quaestoribusque
466 3055 579 3136 quibus
607 3055 744 3137 leqiones
772 3054 960 3117 tradiderat.
1006 3051 1165 3123 Quamob-

142 3161 222 3215 rem,
251 3161 316 3203 cum
341 3142 465 3224 singulis
489 3142 648 3222 provinciis
673 3141 781 3222 singuli
805 3150 923 3202 tantum
947 3150 1050 3202 essent
1072 3160 1166 3221 qnas-

141 3238 251 3303 stores,
267 3229 378 3291 relictis
395 3231 460 3291 cdd.
474 3229 623 3291 Ciacconii
639 3228 839 3290 coniecturam
855 3229 1025 3308 refragante
1037 3225 1166 3289 Schnei-

141 3317 212 3377 derc
236 3316 349 3396 optimo
371 3316 434 3377 iure
457 3325 561 3377 tuetur
582 3316 765 3398 Nipperdey.
811 3314 855 3377 Ut
882 3316 921 3377 ad
944 3312 1074 3395 pluralia
1096 3312 1166 3393 pln-

141 3402 214 3465 rslis
247 3403 365 3483 positus
394 3412 456 3476 est,
491 3403 534 3464 sic
556 3402 717 3484 singularis
746 3403 832 3463 iuxta
861 3401 1035 3482 singularia.
1080 3399 1166 3462 Vitio

141 3489 232 3571 igitur
254 3490 494 3563 consuetudinis,
524 3491 604 3571 quod
633 3489 782 3551 neminem
805 3507 949 3570 umquam
972 3488 1167 3550 animadver-

141 3577 217 3638 tisse
241 3577 347 3638 mirum
371 3585 432 3649 est,
457 3577 640 3657 scripserunt
661 3575 777 3638 librarii
803 3576 874 3649 151,
892 3576 931 3637 15
954 3574 1095 3657 oqminis
1111 3595 1166 3638 or-

143 3663 251 3724 dinem
277 3664 324 3726 ita
351 3663 516 3725 constituit
542 3671 578 3724 ut
599 3661 702 3745 leqio
725 3681 950 3724 nrrnnrnnn.
974 3659 1073 3742 (leqio
1095 3680 1167 3743 sep·

144 3749 232 3812 tima.
250 3757 366 3812 octova.
383 3749 488 3832 nona)
503 3756 577 3811 ante
593 3749 702 3811 omnia
716 3748 802 3810 irent
811 3747 1041 3830 impedimenta.
1064 3746 1166 3808 Etiam

144 3834 213 3897 aliis
237 3837 332 3898 modis
355 3838 395 3897 ad
406 3855 494 3898 casus
508 3836 675 3897 turbandos
690 3835 852 3897 valuerunt
868 3833 968 3896 vicina
982 3834 1085 3895 verba.
1107 3833 1166 3896 His

144 3922 223 3983 enim
258 3922 329 3984 locis
358 3924 397 3984 66
424 3921 605 3984 infinitivum
635 3920 825 3984 accusativus
848 3920 1051 3982 instituendus
1074 3921 1168 3983 luisse

144 4009 230 4072 visus
259 4017 321 4071 est:
355 4012 387 4083 2,
409 4008 451 4072 26
468 4005 624 4091 puscolle
640 4010 773 4090 foetum
793 4028 874 4084 esse,
903 4005 956 4082 92,
979 4006 1018 4069 31
1043 4008 1168 4071 uenises

1043 4101 1063 4168 7
