2616 4492
389 282 458 331 am.
473 283 525 331 111.
549 283 626 343 cen.
643 265 778 330 14-18,
1055 267 1100 331 47

77 431 171 484 ventu
198 421 238 483 ad
264 430 377 484 terram
403 423 612 502 pervenerint,
645 441 711 484 cum
738 422 778 483 ab
803 421 880 483 hora
906 422 967 484 iere
989 433 1100 503 quarta

77 528 172 588 usque
195 510 234 570 ad
257 508 330 569 solis
353 528 493 571 occasum
514 518 707 589 pugnaretur.

143 592 212 663 Quo
240 595 356 674 proelio
383 595 495 657 bellum
522 597 709 656 Venetorum
732 593 886 672 totiusque
908 613 979 656 orae
1002 595 1143 658 mari-16

76 682 171 743 timae
204 683 370 743 conlectum
399 691 454 743 est.
498 681 578 742 Nam
602 700 667 743 cum
690 679 787 742 omnis
809 679 966 753 iuventus,
995 702 1099 744 omnes

80 768 171 828 etiarn
204 768 351 847 gravioris
385 768 510 842 aetatis,
545 768 576 828 in
610 768 717 849 quibus
751 766 864 845 aliquid
897 768 1013 829 consilii
1046 777 1129 831 autc

79 853 234 934 dignitatis
255 854 327 928 fuit,
360 873 394 915 eo
417 862 632 926 convenerant,
655 863 719 914 tum
741 853 864 914 navium
887 855 968 933 quod
990 855 1100 935 ubique

77 941 178 1001 inerat
209 940 240 1001 in
267 960 359 1001 unum
386 941 483 1001 locum
512 947 685 1021 coegerant;
720 939 827 1018 quibus
850 940 971 1001 arnissis
993 941 1100 1022 reliqui

78 1045 174 1106 neque
197 1046 254 1106 quo
277 1046 310 1087 se
333 1026 500 1105 reciperent
522 1046 617 1107 neque
639 1027 890 1107 quemadmodum
912 1027 1023 1106 oppida
1046 1030 1100 1090 de-

77 1114 234 1174 fenderent
254 1113 415 1174 habebant.
458 1113 566 1193 Itaque
589 1132 622 1173 se
645 1132 759 1191 suaque
781 1113 882 1174 omnia
904 1112 1029 1175 Caesari
1044 1117 1100 1176 de·

80 1199 229 1261 diderunt.
272 1200 309 1260 In
342 1219 418 1278 quos
447 1219 482 1261 eo
510 1200 633 1279 gravius
661 1198 776 1260 Caesar
797 1198 1011 1261 vindicandum
1034 1211 1100 1263 sta-
1120 1224 1144 1263 ro

79 1285 152 1358 tuit,
187 1304 245 1364 quo
273 1286 444 1366 diligentius
472 1285 504 1346 in
531 1286 679 1364 reliquum
706 1294 826 1364 tempus
849 1305 868 1345 a
889 1286 1029 1348 barbaris
1051 1288 1100 1350 ins

79 1370 246 1452 legatorum
269 1381 507 1433 conservaretur.
551 1372 659 1451 Itaque
686 1371 767 1432 omni
789 1380 898 1433 senatu
919 1383 1024 1434 necato
1048 1394 1099 1436 re-

78 1456 176 1538 liquos
200 1459 254 1519 sub
278 1477 388 1519 corona
409 1458 554 1519 vendidit.

143 1545 223 1605 Dum
251 1545 327 1605 haec
352 1545 383 1604 in
411 1545 540 1605 Venetis
568 1551 719 1623 geruntur,
748 1539 785 1610 Q.
803 1540 939 1602 Titurius
967 1540 1100 1604 Sabinus
1111 1551 1144 1604 17

78 1649 145 1692 cum
167 1630 204 1690 iis
226 1630 335 1709 copiis,
359 1650 434 1710 quas
457 1649 477 1690 a
499 1629 629 1691 Caesare
642 1637 809 1706 acceperat,
832 1628 864 1687 in
883 1628 958 1688 fines
973 1628 1101 1690 Unello-
1121 1654 1146 1692 rs

79 1735 146 1776 rum
163 1716 310 1795 pervenit.
353 1716 395 1777 Iis
418 1725 560 1794 praeerat
581 1715 742 1776 Viridovix
763 1733 799 1775 ac
821 1733 968 1774 summam
983 1714 1101 1795 imperii

80 1803 204 1862 tenebat
237 1820 340 1862 earum
374 1802 504 1862 omnium
532 1801 702 1875 civitatum,
738 1819 815 1880 quae
844 1800 1028 1875 deiecerant,
1063 1820 1102 1862 ex

81 1887 188 1968 quibos
223 1887 386 1948 exercitum
413 1906 598 1967 magnasque
621 1887 723 1966 copias
746 1891 893 1965 coegerat.
936 1884 1040 1967 Atque
1062 1887 1100 1949 iis

80 1974 185 2053 paucis
214 1973 318 2035 diebus
345 1973 468 2034 Aulerci
495 1973 680 2034 Eburovices
696 1971 893 2053 ,Lexoviique
915 1982 1023 2034 senatu
1046 1992 1100 2036 suo

80 2060 251 2132 interfecto,
275 2061 354 2138 qnod
377 2070 515 2121 auctores
537 2060 606 2121 belli
628 2079 694 2120 esse
710 2059 871 2131 nolebant,
895 2068 1000 2138 portas
1016 2059 1101 2121 clau·
1117 2085 1145 2124 ao

81 2156 188 2206 serunt
202 2165 294 2224 seque
309 2165 374 2206 cum
385 2146 561 2208 Viridovice
573 2146 806 2218 coniunxerunt3
831 2164 998 2225 magnaque
1009 2166 1101 2225 prae-

79 2241 164 2293 terea
197 2231 354 2293 multitudo
387 2233 519 2313 undique
533 2250 585 2309 ,ex
612 2231 715 2293 Gallia
740 2231 924 2310 perditorum
947 2232 1102 2296 hominurn

79 2317 286 2397 latronumque
309 2328 506 2391 convenerat,
531 2337 605 2398 quos
629 2337 700 2397 spes
722 2318 888 2398 praedandi
909 2319 1102 2400 studiumque

79 2404 215 2465 bellandi
237 2405 275 2464 ab
298 2405 479 2484 agricultura
502 2414 533 2466 et
555 2404 730 2485 quotidiano
753 2404 857 2465 labore
880 2407 1052 2467 revocabat.

144 2489 275 2552 Sabinus
303 2491 411 2552 idoneo
435 2492 572 2552 omnibus
594 2493 682 2552 rebus
705 2490 769 2551 loco
793 2491 901 2552 castris
925 2510 992 2552 sese
1014 2501 1101 2553 tene·
1117 2517 1146 2556 aa

80 2577 150 2648 bat,
174 2596 240 2637 cum
263 2577 426 2639 Viridovix
448 2587 553 2639 contra
576 2597 642 2638 eum
666 2579 757 2639 duum
779 2576 893 2637 milium
917 2578 1102 2657 spatiocon·

80 2663 211 2724 sedisset
239 2664 429 2744 quotidieque
450 2663 602 2743 productis
625 2663 718 2743 copiis
741 2663 896 2743 pugnandi
916 2673 1101 2743 potestatem

79 2751 205 2823 iaceret,
229 2758 264 2810 ut
285 2749 346 2810 iam
368 2769 428 2810 non
451 2750 547 2811 solum
570 2750 709 2811 hostibus
726 2749 757 2809 in
773 2750 1024 2828 contemptionem
1040 2750 1101 2813 Sa-

79 2835 169 2897 binus
192 2835 324 2908 veniret,
348 2838 401 2896 sed
424 2838 514 2896 etiam
538 2845 707 2897 nostrorum
730 2835 857 2896 militum
880 2837 1006 2897 vocibus
1022 2856 1100 2899 non-

79 2922 153 2983 nihil
180 2930 367 3001 carperetur3
401 2930 578 3001 tantamque
606 2922 776 3001 opinionem
805 2922 921 2983 timoris
944 2923 1100 3002 praebuit,
1118 2948 1146 2986 oo

78 3016 114 3069 ut
145 3007 206 3068 iam
241 3009 280 3068 ad
306 3007 420 3069 vallum
447 3015 613 3067 castrorum
645 3009 750 3069 hostes
778 3009 918 3070 accedere
946 3011 1100 3071 auderent

79 3094 115 3155 Id
138 3114 174 3154 ea
197 3095 233 3154 de
256 3113 349 3154 causa
370 3093 515 3165 iaciebat,
540 3094 620 3171 quod
643 3113 706 3155 curn
731 3103 819 3154 tanta
835 3095 1028 3156 multitudine
1043 3095 1101 3156 ho·

80 3180 186 3253 stium,
210 3179 387 3259 praesertim
411 3199 445 3240 eo
468 3179 608 3251 absente,
632 3180 683 3258 qni
705 3199 851 3241 summam
874 3181 991 3259 imperii
1013 3189 1101 3241 tene-

79 3276 142 3340 ret,
171 3266 230 3327 nisi
252 3285 346 3345 aequo
370 3267 434 3327 loco
458 3274 511 3327 aut
534 3265 759 3344 opportunitate
781 3267 884 3345 aliqua
907 3268 980 3328 data
1001 3267 1101 3346 legato

81 3352 284 3414 dimicandum
317 3371 376 3413 non
410 3352 612 3414 existimabat.
662 3351 730 3412 Hac
756 3353 935 3414 confirmata
962 3352 1101 3432 opinione
1111 3362 1145 3414 18

80 3438 198 3500 timoris
231 3437 372 3500 idoneum
400 3440 549 3519 quendam
575 3436 726 3499 hominem
755 3447 784 3498 et
811 3437 951 3500 callidum
974 3439 1099 3519 delegit,
1118 3471 1146 3511 ³0

82 3524 220 3599 Gallum,
245 3525 351 3598 exiis,
375 3544 449 3604 quos
472 3523 575 3586 auxilii
598 3543 691 3585 causa
712 3543 813 3585 secum
835 3525 977 3586 habebat.
1022 3525 1102 3588 Huic

81 3611 196 3691 magnis
218 3611 360 3691 praemiis
383 3610 707 3690 pollicitationibusque
729 3612 905 3689 persuadet,
929 3611 974 3672 uti
988 3613 1028 3673 ad
1043 3613 1101 3674 ho·

82 3706 144 3759 stes
179 3707 316 3759 transeat
344 3707 387 3770 et,
422 3699 494 3777 quid
521 3697 586 3758 fieri
606 3697 694 3770 velit,
730 3697 843 3760 edocet.
889 3695 951 3766 Qui
972 3697 1024 3760 ubi
1046 3718 1101 3779 pro

81 3785 207 3864 perfuga
229 3785 268 3845 ad
290 3785 455 3859 eosvenit,
479 3785 616 3845 timorem
632 3783 838 3844 Romanorum
852 3784 1008 3864 proponit,
1032 3785 1101 3866 qui·
1117 3817 1146 3855 ω

83 3870 139 3931 bus
162 3870 310 3950 angustiis
333 3870 398 3948 ipse
421 3870 535 3932 Caesar
557 3869 717 3931 aVenetis
732 3879 897 3950 prematur,
921 3872 1021 3947 docet,
1045 3891 1102 3934 ne-

84 3975 141 4036 que
162 3956 280 4038 longius
304 3958 424 4031 abesse,
449 3957 520 4036 quin
542 3956 680 4035 proxima
701 3965 787 4018 nocte
810 3956 943 4020 Sabinus
964 3958 1042 4021 clam
1064 3976 1102 4022 ex
