2616 4492
136 297 178 364 36
465 315 514 364 nn
535 313 653 364 annuo
676 315 832 366 emerso

135 463 261 530 octava,
293 453 459 537 profligatis
488 455 727 532 Veromanduis,
761 453 937 535 quibuscum
965 462 1054 517 erant
1082 474 1156 517 con·

136 541 242 624 gressi,
275 562 314 604 ex
340 541 404 604 loco
433 541 586 622 superiore
613 543 644 603 in
671 542 745 622 ipsis
773 541 903 603 fluminis
926 541 999 622 ripis
1021 541 1154 623 proelia-

135 628 254 691 bantur.
298 628 345 691 At
370 627 444 690 totis
470 629 533 690 iere
561 647 581 690 a
606 629 703 690 fronte
726 637 757 690 et
777 628 817 689 ab
840 627 963 689 sinistra
985 637 1072 708 parte
1094 647 1155 690 nu·

137 715 217 777 datis
250 715 375 788 castris,
409 733 476 775 cum
502 714 534 775 in
562 715 666 776 dextro
694 733 787 776 cornu
814 713 891 794 legio
920 714 1097 776 duodecima
1124 723 1155 776 et

107 820 197 863 enon
223 821 333 882 magno
361 801 400 862 ab
423 820 460 862 ea
479 801 640 863 intervallo
663 801 792 880 septima
813 800 1015 875 constitisset,
1050 820 1154 862 omnes

135 887 241 950 Nervii
268 886 485 949 confertissimo
508 887 625 968 agmine
647 889 720 949 duce
741 888 955 967 Boduognato,
989 887 1041 967 qui
1068 906 1154 948 sum-

135 993 217 1035 mam
238 972 356 1053 imperii
378 973 516 1048 tenebat,
545 974 585 1034 ad
607 993 672 1034 eum
694 974 792 1034 locum
815 975 1046 1046 contenderunt;
1075 992 1156 1053 quo-

135 1078 203 1122 rum
229 1079 301 1141 pars
324 1068 428 1140 aperto
450 1059 545 1122 latere
566 1059 698 1140 legiones
720 1059 947 1133 circumvenire,
975 1078 1046 1140 pars
1069 1079 1155 1121 surn-

135 1165 217 1207 mum
239 1154 407 1208 castrorum
428 1145 525 1208 locum
546 1155 648 1226 petere
669 1146 775 1225 coepit

93 1233 128 1284 24
199 1231 315 1294 Eodem
337 1241 471 1314 tempore
493 1232 607 1312 equites
630 1232 727 1294 nostri
747 1230 882 1310 levisque
905 1239 1076 1292 armaturae
1097 1250 1155 1311 pe-

92 1338 115 1377 rr
136 1317 229 1392 dites,
259 1318 396 1399 quicum
418 1318 455 1380 iis
477 1338 539 1380 una
558 1319 693 1392 fuerant,
722 1338 797 1398 qnos
819 1317 915 1396 primo
937 1317 1071 1378 hostium
1092 1317 1155 1378 im-

134 1413 208 1485 petu
229 1406 334 1485 pulsos
357 1405 506 1479 dixeram,
529 1424 596 1466 cum
618 1404 704 1466 sein
721 1413 823 1466 castra
836 1403 1016 1483 reciperent,
1040 1403 1154 1466 adver·

135 1490 178 1553 sis
199 1490 337 1554 hostibus
360 1491 555 1553 occurrebant
577 1510 736 1552 accursus
759 1490 852 1552 aliam
873 1489 905 1550 in
919 1498 1037 1569 partem
1051 1491 1153 1570 fugam

134 1577 294 1658 petebant,
324 1584 355 1639 et
376 1577 510 1650 calones,
545 1577 596 1657 qui
618 1577 657 1638 ab
680 1579 846 1639 decumana
866 1585 956 1656 porta
978 1595 1014 1637 ac
1035 1595 1153 1638 summo

90 1685 118 1723 ru
133 1663 201 1746 iugo
225 1663 310 1726 collis
331 1673 452 1726 nostros
474 1663 604 1726 victores
630 1663 740 1725 flumen
762 1661 893 1725 transire
915 1671 1158 1742 conspexerant,

133 1750 299 1831 praedandi
329 1771 424 1812 causa
450 1750 575 1832 egressi,
609 1769 676 1811 cum
704 1749 909 1831 respexissent
935 1758 966 1810 et
992 1749 1098 1810 hostes
1119 1749 1153 1810 in

133 1837 246 1899 nostris
260 1837 370 1900 castris
385 1837 501 1899 versari
512 1836 669 1911 vidissent,
692 1836 873 1917 praecipites
884 1836 972 1916 fugae
984 1854 1051 1896 sese
1062 1854 1152 1896 man-

134 1922 258 1984 dabant.
304 1923 401 1985 Simul
423 1942 540 1997 eorum,
565 1923 615 2002 qui
637 1941 703 1984 eum
725 1921 948 2002 impedimentis
969 1921 1151 1996 veniebant,

133 2008 246 2070 clamor
266 2009 461 2090 fremitusque
483 2009 635 2070 oriebatur
657 2008 767 2089 aliique
788 2008 880 2071 aliam
900 2008 931 2069 in
945 2017 1063 2088 partem
1077 2027 1150 2088 per-

90 2115 119 2154 ro
133 2094 232 2155 territi
253 2095 434 2156 ferebantur.
479 2091 595 2164 Quibus
618 2095 758 2157 omnibus
780 2095 870 2157 rebus
891 2094 1020 2176 permoti
1035 2095 1150 2175 equites

134 2179 274 2253 Treveri,
303 2200 428 2260 quorum
449 2181 529 2242 inter
550 2179 656 2242 Gallos
678 2180 799 2243 virtutis
822 2180 922 2261 opinio
945 2189 993 2241 est
1015 2179 1151 2262 singula-

133 2265 192 2340 ris,
221 2266 272 2346 qui
294 2266 398 2328 auxilii
420 2285 513 2329 causa
534 2266 573 2327 ab
596 2266 717 2328 civitate
740 2269 779 2330 ad
802 2267 964 2329 Caesarem
985 2266 1070 2328 missi
1092 2287 1150 2328 ve-

133 2361 256 2428 nerant,
280 2372 346 2414 cum
369 2352 559 2415 multitudine
580 2351 712 2414 hostium
735 2364 836 2415 castra
850 2352 1004 2434 compleri,
1028 2362 1149 2415 nostras

132 2438 263 2518 legiones
299 2439 394 2519 premi
427 2448 458 2500 et
490 2458 585 2520 paene
609 2439 834 2503 circumventas
867 2439 976 2514 teneri,
1010 2439 1148 2514 calones,

88 2546 117 2585 ns
133 2524 263 2605 equites,
297 2525 478 2600 funditores,
512 2526 661 2588 Numidas
694 2526 830 2588 diversos
864 2525 1085 2606 dissipatosque
1115 2527 1148 2588 in

133 2629 237 2672 omnes
270 2619 373 2690 partes
400 2612 501 2691 fugere
528 2613 691 2687 vidissent,
725 2613 894 2693 desperatis
922 2612 1035 2673 nostris
1058 2614 1148 2674 rebus

132 2698 253 2759 domum
276 2698 508 2772 contenderunt3
531 2698 685 2760 Romanos
707 2699 811 2779 pulsos
834 2706 1066 2779 superatosque,
1095 2718 1148 2761 oa-

133 2783 205 2845 stris
226 2783 505 2864 impedimentisque
527 2804 629 2846 eorum
650 2784 754 2847 hostes
776 2785 888 2866 potitos
903 2785 1019 2847 civitati
1033 2805 1148 2848 renun-

133 2869 296 2931 tiaveruut.

88 2959 122 3010 2⁵
196 2954 311 3017 Caesar
343 2954 382 3016 ab
410 2955 542 3016 decimae
568 2955 693 3036 legionis
719 2956 924 3019 cohortatione
947 2957 987 3017 ad
1008 2957 1148 3020 dextrum

88 3066 112 3105 ar
132 3061 224 3104 cornu
255 3042 420 3121 profectus,
454 3041 506 3103 ubi
533 3061 602 3103 suos
629 3043 727 3124 urgeri
755 3043 909 3123 signisque·
932 3043 1077 3105 inunum
1099 3043 1147 3106 lo-

132 3148 198 3191 cum
232 3127 360 3190 conlatis
394 3127 587 3189 duodecimae
619 3129 743 3209 legionis
772 3130 919 3191 confertos
946 3129 1055 3191 milites
1089 3130 1148 3192 sibi

130 3215 213 3296 ipsos
235 3216 275 3276 ad
296 3233 427 3295 pugnam
450 3233 515 3275 esse
536 3214 748 3296 impedimento
771 3215 860 3290 vidit,
889 3224 1016 3295 quartae
1037 3216 1146 3279 cohor-

130 3302 171 3364 tis
205 3302 342 3365 omnibus
369 3300 587 3362 centurionibus
621 3302 724 3363 occisis
752 3301 948 3382 signiferoque
975 3302 1147 3377 interiecto,

88 3413 116 3451 aa
131 3388 216 3470 signo
250 3388 378 3461 amisso,
412 3387 592 3466 reliquarum
624 3387 790 3449 cohortium
819 3388 956 3449 omnibus
983 3390 1044 3450 iere
1073 3408 1145 3450 cen-

131 3474 299 3538 turionibus
327 3483 381 3535 aut
401 3473 567 3534 vulneratis
590 3483 644 3535 aut
666 3473 785 3548 occisis,
813 3473 845 3535 in
866 3474 914 3535 his
935 3474 1085 3555 primipilo
1108 3476 1145 3537 P.

131 3559 236 3624 Sextio
263 3560 392 3632 Baculo,
424 3559 588 3620 fortissimo
613 3559 695 3633 viro,
729 3559 832 3624 multis
849 3560 1054 3655 gravibusque
1075 3562 1145 3624 vul-

130 3647 252 3710 neribus
285 3648 431 3720 ooniecto,
461 3645 582 3707 utiam
609 3665 642 3707 se
665 3628 895 3713 sustinere-ben
917 3655 1037 3727 posset,
1071 3648 1144 3710 reli-

130 3752 205 3813 quos
233 3753 299 3794 esse
326 3732 490 3805 tardiores,
519 3740 549 3792 et
571 3731 728 3794 nonnullos
751 3733 789 3795 ab
811 3732 985 3797 novissimis
1007 3736 1143 3798 desertos

85 3843 115 3883 so
128 3818 241 3898 proelio
265 3820 405 3881 excedere
428 3837 463 3879 ao
484 3818 547 3879 tela
568 3817 680 3893 vitare,
703 3818 807 3882 hostes
829 3840 923 3901 neque
946 3840 965 3882 a
985 3823 1084 3884 fronte
1106 3841 1144 3884 ex

113 3904 267 3993 ,interiore
293 3904 358 3966 loco
381 3905 542 3966 subeuntes
564 3903 762 3968 intermittere
784 3915 815 3968 et
836 3908 875 3970 ab
897 3916 1025 3988 utroque
1047 3908 1143 3971 latere

124 3991 255 4066 instare,
283 3999 315 4053 et
336 4010 399 4052 rem
422 4009 488 4053 esse
509 3990 542 4052 in
564 3999 691 4072 augusto
713 3992 804 4068 vidit,
837 4013 933 4075 neque
957 3993 1052 4060 ullum
1073 4012 1144 4059 esse
