2616 4492
445 306 515 352 nm.
531 305 592 352 vrr.
615 305 692 353 car.
708 291 844 353 50-55.
1087 292 1145 354 131

131 453 231 518 erent,
267 445 370 505 eadem
403 447 440 508 de
473 446 657 525 profectione
685 446 836 527 cogitans,
870 464 947 524 quae
979 453 1051 505 ante
1078 465 1149 507 sen·

131 540 228 605 serat,
262 530 396 611 legiones
429 550 467 592 ex
499 533 606 594 castris
640 533 742 594 eduxit
770 532 922 611 aciemque
949 531 1058 593 idoneo
1084 531 1149 593 loco

130 616 297 678 constituit.
343 616 418 678 Cum
452 619 683 699 Vercingetorix
714 618 806 680 nihilo
840 617 936 697 magis
963 616 995 678 in
1023 635 1150 698 aequum

130 703 228 764 locum
262 704 471 777 descenderet,
505 704 566 766 levi
593 708 672 767 facto
696 704 828 785 equestri
849 703 962 783 proelio
986 713 1076 784 atque
1099 724 1150 765 se-

130 791 228 851 cundo
250 789 282 849 in
306 799 407 851 castra
429 791 589 852 exercitum
612 792 738 852 reduxit.
777 790 851 852 Cum
866 791 922 851 hoc
935 791 1014 852 idem
1029 799 1179 869 posteros

130 876 179 937 die
206 875 342 948 iecisset,
371 876 446 938 satis
468 879 508 938 ad
530 876 681 939 Gallicam
704 876 937 939 ostentationem
960 876 1152 937 minuendam

130 961 320 1041 militumque
357 963 473 1024 animos
510 965 730 1026 confirmandos
763 966 876 1025 factum
910 963 1087 1023 existimans
1119 963 1152 1024 in

129 1047 257 1110 Aeduos
279 1048 377 1108 movit
397 1058 507 1110 castra.
550 1049 599 1112 Ne
621 1059 685 1112 tum
707 1049 827 1130 quidem
849 1049 991 1111 insecutis
1013 1049 1151 1111 hostibus

130 1134 222 1195 tertio
255 1133 304 1195 die
331 1136 372 1195 ad
398 1135 509 1197 flumen
535 1135 649 1199 Elaver
670 1145 779 1216 pontes
802 1136 898 1198 reficit
919 1155 1013 1216 eoque
1037 1136 1151 1197 exerci-

130 1228 195 1281 tum
218 1220 359 1282 traducit.

196 1306 242 1367 Ibi
270 1326 289 1368 a
316 1306 512 1369 Viridomaro
536 1317 626 1388 atque
648 1307 852 1387 Eporedorige
873 1306 991 1368 Aeduis
1014 1307 1196 1386 appella-54

131 1402 182 1453 tus
205 1392 294 1454 discit
321 1412 388 1454 cum
415 1393 495 1454 omni
518 1395 655 1473 equitatu
675 1394 864 1455 Litaviccum
886 1394 926 1454 ad
948 1393 1152 1462 sollicitandos

130 1478 257 1541 Aeduos
279 1480 461 1558 profectum:
491 1499 566 1558 opus
590 1499 657 1541 esse
679 1481 763 1559 ipsos
786 1482 959 1541 antecedere
981 1481 1021 1540 ad
1044 1480 1153 1540 confir-

131 1567 276 1627 mandam
299 1565 461 1626 civitatem.
506 1566 575 1626 Etsi
597 1566 699 1627 multis
721 1567 782 1627 iam
804 1567 894 1628 rebus
916 1564 1071 1644 perfidiam
1086 1563 1153 1626 Ae-

132 1653 259 1714 duorum
280 1660 470 1730 perspectam
492 1651 626 1713 habebat
648 1660 740 1737 atque
754 1653 868 1713 »horum
891 1651 1024 1712 discessu
1046 1652 1153 1711 adma·
1173 1663 1197 1702 ¹³

130 1738 228 1800 turari
256 1737 452 1798 delectionem
480 1737 610 1799 civitatis
633 1738 841 1812 existimabat,
874 1746 977 1798 tamen
1006 1756 1057 1799 eos
1079 1736 1155 1798 reti·

132 1824 248 1886 nendos
277 1823 537 1896 non-constituit,
571 1844 609 1885 ne
637 1832 691 1885 aut
712 1824 822 1885 inferre
843 1823 981 1884 iniuriam
1004 1823 1156 1884 videretur

132 1919 188 1972 aut
210 1910 281 1970 dare
302 1909 418 1970 timoris
441 1909 573 1988 aliquam
600 1910 808 1989 suspicionem.
852 1909 1085 1970 Discedentibus
1106 1909 1154 1970 his

131 1996 267 2058 breviter
300 2014 357 2056 sua
383 1995 415 2056 in
442 1994 567 2057 Aeduos
595 1997 701 2057 merita
729 1995 880 2077 exposuit:
915 2015 989 2075 quos
1012 2004 1044 2057 et
1065 2015 1155 2076 quam

132 2082 262 2144 humiles
285 2081 466 2160 accepisset,
490 2082 658 2162 compulsos
680 2083 713 2144 in
735 2084 860 2163 oppida,
889 2082 1034 2143 multatos
1057 2081 1153 2162 agris,
1171 2105 1198 2143 ro

135 2169 273 2230 omnibus
290 2167 401 2247 ereptis
416 2168 525 2247 copiis,
548 2169 690 2249 imposito
713 2169 878 2250 stipendio,
903 2167 1056 2230 obsidibus
1071 2188 1156 2230 sum-

134 2274 186 2316 ma
208 2274 274 2316 cum
297 2254 477 2316 contumelia
499 2256 642 2330 extortis,
666 2265 698 2318 et
719 2276 809 2338 quarn
831 2256 862 2317 in
884 2256 1035 2328 fortunam
1048 2273 1156 2335 quam·
1219 2300 1220 2303 η

135 2359 193 2421 que
214 2341 246 2402 in
268 2340 496 2420 amplitudinem
519 2342 706 2416 deduxisset,
735 2352 770 2405 nt
795 2362 856 2405 non
879 2341 976 2404 solum
997 2341 1029 2402 in
1051 2341 1156 2421 pristi-

135 2446 208 2490 num
230 2436 343 2489 statum
365 2428 530 2502 redissent,
560 2430 767 2495 sedomnium
790 2438 957 2507 temporum
980 2427 1156 2508 dignitatem

135 2522 168 2574 et
199 2514 326 2594 gratiam
359 2515 560 2577 antecessisse
586 2516 769 2578 viderentur.
820 2514 879 2577 His
902 2514 982 2576 datis
1005 2513 1156 2575 mandatis
1172 2535 1200 2574 rs

136 2618 187 2660 eos
211 2601 250 2661 ab
273 2619 306 2660 se
329 2600 450 2662 dimisit.

200 2685 414 2746 Noviodunum
436 2696 503 2748 erat
525 2687 667 2766 oppidum
689 2686 865 2748 Aeduorum
888 2687 928 2747 ad
943 2685 1025 2766 ripas
1040 2685 1156 2767 Ligeris
1167 2704 1199 2754 55

137 2780 306 2852 opportuno
328 2769 392 2831 loco
414 2772 556 2851 positum.
599 2774 667 2835 Huc
689 2772 802 2835 Caesar
823 2792 927 2834 omnes
943 2773 1063 2834 obsides
1078 2769 1158 2833 Gal-

135 2859 211 2928 liae,
234 2858 431 2929 frumentum,
453 2856 609 2936 pecuniam
631 2858 797 2938 publicam,
821 2877 942 2920 suorum
964 2867 1055 2937 atque
1070 2877 1158 2919 exer-

138 2943 215 3005 citus
248 2940 531 3020 impedimentorum
564 2961 705 3023 magnam
731 2951 850 3024 partem
883 2943 1067 3017 contulerat3
1099 2944 1159 3004 huc
1175 2965 1202 3004 eo

136 3047 280 3109 magnum
313 3045 468 3088 numerum
502 3046 645 3106 equorum
676 3029 765 3091 huius
797 3030 868 3091 belli
901 3048 994 3091 causa
1014 3029 1046 3088 in
1068 3029 1160 3091 Italia

137 3125 229 3196 atque
262 3113 416 3193 Hispania
447 3119 600 3192 coemptos
633 3114 763 3176 miserat.
806 3115 852 3176 Eo
881 3134 947 3177 cum
974 3114 1160 3194 Eporedorix

137 3202 409 3279 Viridomarusque
436 3200 592 3261 venissent
619 3209 650 3262 et
677 3202 714 3261 de
741 3209 824 3261 statu
847 3199 979 3262 civitatis
1001 3200 1159 3281 cognovis-

139 3298 224 3360 sent,
246 3286 437 3349 Litaviccum
458 3285 595 3349 Bibracti
618 3288 657 3348 ab
679 3285 796 3348 Aeduis
819 3294 986 3366 receptum,
1011 3287 1089 3366 quod
1112 3292 1160 3347 est

140 3374 282 3454 oppidum
305 3374 387 3452 apud
409 3391 460 3436 eos
483 3372 634 3434 maximae
657 3371 861 3445 auctoritatis,
895 3371 1160 3434 Convictolitavim
1177 3393 1204 3432 ar

140 3461 351 3541 magistratum
384 3478 582 3541 magnamque
613 3467 733 3540 partem
766 3468 892 3520 senatus
925 3459 965 3520 ad
997 3477 1065 3520 eum
1088 3476 1160 3520 cou-

140 3547 277 3621 venisse,
311 3545 428 3626 legatos
457 3548 497 3607 ad
524 3545 797 3626 Vercingetorigem
820 3546 856 3606 de
877 3564 953 3625 pace
976 3553 1007 3606 et
1029 3543 1161 3605 amicitia

142 3633 329 3695 concilianda
350 3632 466 3712 publice
488 3631 613 3705 missos,
636 3649 697 3693 non
718 3632 1019 3711 praetermittendum
1041 3639 1161 3692 tantum

143 3721 331 3781 commodum
364 3718 621 3781 existimaverunt.
671 3718 778 3798 Itaque
800 3717 965 3779 interiectis
986 3716 1162 3779 Novioduni

142 3806 317 3867 custodibus
345 3805 452 3885 quique
480 3825 515 3867 eo
538 3805 720 3886 negotiandi,
733 3823 824 3865 causa
845 3813 1049 3866 convenerant
1070 3823 1161 3884 pecu·
1177 3826 1204 3865 ro

141 3892 225 3955 niam
248 3900 339 3970 atque
360 3911 452 3970 equos
474 3892 554 3953 inter
576 3911 609 3953 se
629 3891 734 3970 partiti
757 3898 843 3963 sunt;
866 3890 985 3951 obsides
1007 3889 1161 3952 civitatum

141 3978 285 4040 Bibracte
308 3979 347 4038 ad
361 3978 570 4056 magistratum
586 3980 775 4039 deducendos
791 3984 987 4049 curaverunt;
1010 3976 1161 4056 oppidum,

1173 1207 1195 1244 10
